1882 3094
860 73 968 127 2¹7

53 154 328 243 {natale
374 161 959 232 conservantibus
1001 166 1288 253 pietatis
1334 158 1715 241 officium,

53 258 59 290 ³
97 253 272 324 nulli
309 245 546 320 minus
581 243 803 336 quam
841 252 1249 320 Succorum
1302 255 1589 319 nationi
1615 265 1724 314 te-

52 372 55 396 r
105 338 536 410 merandum
568 396 588 421 ,
618 338 793 407 foris
844 361 1003 408 non
1050 341 1323 409 recusat
1370 337 1718 414 tutelam,

101 454 310 524 quam
353 429 552 496 domi
594 427 735 496 fata
793 426 1175 517 denegant.
1309 427 1724 496 Confirmat

51 565 54 570 -
99 521 248 609 ipsa
270 524 376 587 Rae.
406 522 542 584 Tuae
567 515 923 608 Majeslatis
954 516 1242 604 religio,
1280 539 1442 610 quae
1479 523 1718 605 impe-

52 669 54 673 .
99 616 283 676 rium
310 628 465 675 non
496 606 816 674 extendit
846 604 936 674 ad
962 612 1318 674 mentium
1354 605 1725 673 conscien-

50 735 52 737 ·
97 702 267 771 tias,
303 695 417 765 sed
449 693 787 763 idoneam
833 689 1072 784 potius
1116 695 1182 762 se
1216 693 1449 763 reddit
1489 694 1719 761 secer-

0 851 1 855 ,
95 784 349 852 nendis
385 776 426 852 a
458 787 643 852 casto
687 781 1093 850 sanetiffimi
1129 783 1484 851 Numinis
1523 780 1723 850 cultu

0 891 2 918 l
48 852 55 937 l
97 873 440 943 humanis
466 873 835 941 erroribus
857 871 920 938 &
953 871 1218 953 litibus,
1248 871 1504 960 quibus
1527 884 1725 938 aetcr-

94 983 205 1030 11ae
229 959 519 1052 quidem
541 961 606 1028 δε
636 959 1087 1028 immutabili
1121 962 1205 1028 de
1229 959 1386 1026 Deo
1418 974 1726 1048 patrum

91 1051 518 1118 nostrorum
564 1053 840 1116 veritati
877 1047 1061 1115 nihil
1102 1049 1337 1137 potest
1371 1046 1655 1116 detrahi
1699 1073 1718 1126 ;

94 1139 356 1230 quibus
399 1152 659 1233 tamen
706 1135 1137 1203 Christianae
1170 1134 1519 1205 do&rinae
1565 1136 1720 1201 san·-

44 1273 47 1277 1
89 1231 428 1296 &imonia
446 1224 756 1292 multum
784 1222 1110 1291 foedatur,
1127 1223 1399 1310 Quodfi
1419 1245 1625 1289 more
1644 1229 1723 1289 in

0 1370 3 1382 .
46 1349 50 1389 1
94 1305 486 1404 stitutocfiue
517 1335 780 1380 eorum
807 1365 823 1389 ,
853 1319 979 1405 qui
1002 1334 1318 1400 magnos
1348 1310 1722 1399 Principes

46 1395 50 1414 '
95 1401 191 1473 ad
234 1400 671 1472 audiendum
711 1422 959 1490 parare
1013 1415 1390 1468 conantur
1429 1456 1449 1482 ‚
1500 1399 1725 1493 quid-

44 1528 49 1569 ;
93 1515 309 1582 quam
351 1490 434 1558 de
476 1496 552 1560 R.
598 1493 737 1556 Tuae
772 1488 1125 1582 majestatis
1164 1491 1367 1576 gestis
1414 1489 1531 1556 hic
1588 1485 1719 1556 ad·-

44 1593 49 1664 j1
89 1581 300 1663 jicere
379 1577 722 1647 auderem
810 1605 826 1656 3
931 1577 1320 1668 Postquam
1396 1575 1721 1645 duorum

15 1667 45 1741 s
94 1673 405 1759 patriam
462 1673 576 1733 vix
672 1658 845 1733 osita
893 1657 1248 1752 praetexta
1290 1666 1717 1758 relinquen-

45 1794 47 1797 ·
91 1764 280 1826 tium
368 1753 586 1821 CAR
699 1752 1099 1823 LORVM
1165 1754 1495 1823 inufitata
1553 1776 1715 1822 mo-

42 1880 48 1919 2
95 1868 264 1913 rum
320 1847 777 1911 continentia
827 1898 847 1923 ‚
924 1843 989 1910 ὃς
1042 1850 1270 1910 virtus
1318 1842 1663 1910 excelsior
1693 1899 1716 1924 ‚

42 1942 47 1986 ἰ
94 1926 237 2024 quo
280 1938 514 2020 magis
557 1932 858 2000 adverfis
902 1936 1247 2006 exercita,
1278 1937 1448 1998 novi
1484 1930 1720 2000 saeculi

0 2090 1 2093 ,
41 2054 47 2095 z
95 2021 418 2110 auspicia
449 2017 538 2088 ad
571 2042 876 2088 omnem
910 2025 1344 2088 memoriam
1375 2018 1718 2088 nobilita-

0 2133 3 2145 ’
41 2175 46 2181 .
90 2124 292 2180 runt.
388 2108 698 2197 Agerem
732 2131 888 2176 non
920 2103 1144 2178 modo
1169 2109 1567 2191 a&umjam
1589 2130 1716 2176 ore

40 2227 45 2261 .=
93 2204 420 2286 gentium
439 2246 458 2272 ,
489 2197 552 2265 &
576 2197 934 2287 agendum
967 2204 1213 2266 omnis
1237 2202 1470 2267 aetatis
1496 2218 1719 2266 anna-

40 2347 45 2365 ,
92 2284 335 2363 libus;
385 2284 499 2353 sed
545 2296 768 2355 etiam
816 2292 1130 2377 graviter
1180 2290 1715 2354 committerem

40 2387 45 2443 ζ·
90 2380 167 2441 in
198 2375 500 2441 severam
534 2373 738 2443 illam
774 2381 851 2442 R.
889 2378 1026 2440 Tuae
1066 2372 1418 2461 majestatis
1451 2373 1713 2443 mode-

39 2490 45 2529 ι
90 2464 300 2531 stiam
330 2515 350 2543 ‚
379 2482 537 2553 quae
573 2466 647 2529 in
672 2462 814 2530 hoc
843 2459 1068 2531 solum
1097 2465 1375 2533 videtur
1390 2462 1566 2531 velle
1588 2462 1715 2530 ho-

39 2580 44 2619 :
89 2556 382 2622 minum
414 2559 779 2642 imperare
812 2556 1066 2710 ειῐὸητῐε
1101 2601 1120 2630 ‚
1153 2569 1233 2623 ut
1259 2551 1453 2643 quod
1492 2551 1713 2619 senti-

39 2684 41 2688 ·
327 2677 329 2679 ·
976 2661 1016 2730 5
1551 2656 1715 2724 unt,
