<?xml version="1.0" encoding="UTF-8"?>
<!DOCTYPE html PUBLIC "-//W3C//DTD XHTML 1.0 Transitional//EN"
    "http://www.w3.org/TR/xhtml1/DTD/xhtml1-transitional.dtd">
<html xmlns="http://www.w3.org/1999/xhtml" xml:lang="en" lang="en">
 <head>
  <title>
</title>
<meta http-equiv="Content-Type" content="text/html;charset=utf-8" />
  <meta name='ocr-system' content='tesseract 3.04.00' />
  <meta name='ocr-capabilities' content='ocr_page ocr_carea ocr_par ocr_line ocrx_word'/>
</head>
<body>
  <div class='ocr_page' id='page_1' title='image "./sacraecaesmaicon00hera_0338.png"; bbox 0 0 1882 3094; ppageno 0'>
   <div class='ocr_carea' id='block_1_1' title="bbox 917 211 1022 260">
    <p class='ocr_par' dir='ltr' id='par_1_1' title="bbox 917 211 1022 260">
     <span class='ocr_line' id='line_1_1' title="bbox 917 211 1022 260; baseline -0.076 1"><span class='ocrx_word' id='word_1_1' title='bbox 917 211 1022 260; x_wconf 83' lang='lat'>312</span> 
     </span>
    </p>
   </div>
   <div class='ocr_carea' id='block_1_2' title="bbox 227 300 1833 2800">
    <p class='ocr_par' dir='ltr' id='par_1_2' title="bbox 227 300 1833 2800">
     <span class='ocr_line' id='line_1_2' title="bbox 229 300 1776 377; baseline -0.001 -15"><span class='ocrx_word' id='word_1_2' title='bbox 229 305 357 362; x_wconf 84' lang='lat' dir='ltr'>tium</span> <span class='ocrx_word' id='word_1_3' title='bbox 395 321 500 360; x_wconf 87' lang='lat' dir='ltr'>tam</span> <span class='ocrx_word' id='word_1_4' title='bbox 539 300 747 357; x_wconf 80' lang='lat' dir='ltr'>suorum</span> <span class='ocrx_word' id='word_1_5' title='bbox 781 320 912 374; x_wconf 85' lang='lat' dir='ltr'>quos</span> <span class='ocrx_word' id='word_1_6' title='bbox 935 303 1191 365; x_wconf 82' lang='lat' dir='ltr'>ducebat,</span> <span class='ocrx_word' id='word_1_7' title='bbox 1216 320 1374 375; x_wconf 86' lang='lat' dir='ltr'>quam</span> <span class='ocrx_word' id='word_1_8' title='bbox 1413 304 1776 377; x_wconf 67' lang='lat' dir='ltr'>insequentium</span> 
     </span>
     <span class='ocr_line' id='line_1_3' title="bbox 227 378 1778 449; baseline 0.001 -19"><span class='ocrx_word' id='word_1_9' title='bbox 227 382 453 435; x_wconf 81' lang='lat' dir='ltr'>hostium</span> <span class='ocrx_word' id='word_1_10' title='bbox 473 378 610 448; x_wconf 88' lang='lat' dir='ltr'>lapsu</span> <span class='ocrx_word' id='word_1_11' title='bbox 631 378 811 430; x_wconf 85' lang='lat' dir='ltr'>cadens</span> <span class='ocrx_word' id='word_1_12' title='bbox 826 380 1004 432; x_wconf 86' lang='lat' dir='ltr'>Turcae</span> <span class='ocrx_word' id='word_1_13' title='bbox 1021 379 1323 449; x_wconf 82' lang='lat' dir='ltr'>sclopetum‚</span> <span class='ocrx_word' id='word_1_14' title='bbox 1352 379 1499 449; x_wconf 87' lang='lat' dir='ltr'>quod</span> <span class='ocrx_word' id='word_1_15' title='bbox 1528 384 1674 449; x_wconf 87' lang='lat' dir='ltr'>capiti</span> <span class='ocrx_word' id='word_1_16' title='bbox 1691 380 1778 432; x_wconf 89' lang='lat' dir='ltr'>ad-</span> 
     </span>
     <span class='ocr_line' id='line_1_4' title="bbox 230 451 1781 522; baseline 0.001 -17"><span class='ocrx_word' id='word_1_17' title='bbox 230 468 487 511; x_wconf 85' lang='lat' dir='ltr'>moverat,</span> <span class='ocrx_word' id='word_1_18' title='bbox 514 451 717 522; x_wconf 88' lang='lat' dir='ltr'>perusto</span> <span class='ocrx_word' id='word_1_19' title='bbox 755 470 954 507; x_wconf 84' lang='lat' dir='ltr'>tantum</span> <span class='ocrx_word' id='word_1_20' title='bbox 994 454 1174 522; x_wconf 78' lang='lat' dir='ltr'>capillo</span> <span class='ocrx_word' id='word_1_21' title='bbox 1216 469 1450 504; x_wconf 83' lang='lat' dir='ltr'>removet</span> <span class='ocrx_word' id='word_1_22' title='bbox 1480 489 1495 513; x_wconf 89' lang='lat'>‚</span> <span class='ocrx_word' id='word_1_23' title='bbox 1533 456 1781 514; x_wconf 84' lang='lat' dir='ltr'>accurrit,</span> 
     </span>
     <span class='ocr_line' id='line_1_5' title="bbox 230 524 1778 598; baseline 0.001 -19"><span class='ocrx_word' id='word_1_24' title='bbox 230 528 342 580; x_wconf 84' lang='lat' dir='ltr'>suos</span> <span class='ocrx_word' id='word_1_25' title='bbox 389 526 650 578; x_wconf 81' lang='lat' dir='ltr'>liberaliter</span> <span class='ocrx_word' id='word_1_26' title='bbox 707 526 944 581; x_wconf 85' lang='lat' dir='ltr'>bortatur</span> <span class='ocrx_word' id='word_1_27' title='bbox 969 563 984 586; x_wconf 92' lang='lat'>‚</span> <span class='ocrx_word' id='word_1_28' title='bbox 1024 527 1305 581; x_wconf 85' lang='lat' dir='ltr'>vacillantes</span> <span class='ocrx_word' id='word_1_29' title='bbox 1345 524 1463 578; x_wconf 83' lang='lat' dir='ltr'>fistit</span> <span class='ocrx_word' id='word_1_30' title='bbox 1487 562 1500 584; x_wconf 85' lang='lat'><strong>,</strong></span> <span class='ocrx_word' id='word_1_31' title='bbox 1538 526 1778 598; x_wconf 80' lang='lat' dir='ltr'>ingressos</span> 
     </span>
     <span class='ocr_line' id='line_1_6' title="bbox 230 598 1779 671; baseline -0.001 -16"><span class='ocrx_word' id='word_1_32' title='bbox 230 602 473 655; x_wconf 78' lang='lat' dir='ltr'>Barbaros</span> <span class='ocrx_word' id='word_1_33' title='bbox 499 599 580 652; x_wconf 87' lang='lat' dir='ltr'>vel</span> <span class='ocrx_word' id='word_1_34' title='bbox 603 602 731 667; x_wconf 79' lang='lat' dir='ltr'>ejicit</span> <span class='ocrx_word' id='word_1_35' title='bbox 746 639 759 661; x_wconf 88' lang='lat'>‚</span> <span class='ocrx_word' id='word_1_36' title='bbox 774 600 853 653; x_wconf 85' lang='lat' dir='ltr'>vel</span> <span class='ocrx_word' id='word_1_37' title='bbox 873 601 954 655; x_wconf 87' lang='lat' dir='ltr'>sua</span> <span class='ocrx_word' id='word_1_38' title='bbox 969 619 1122 654; x_wconf 88' lang='lat' dir='ltr'>manu</span> <span class='ocrx_word' id='word_1_39' title='bbox 1139 598 1416 671; x_wconf 84' lang='lat' dir='ltr'>prosternit.</span> <span class='ocrx_word' id='word_1_40' title='bbox 1432 617 1538 651; x_wconf 88' lang='lat' dir='ltr'>rem</span> <span class='ocrx_word' id='word_1_41' title='bbox 1555 601 1779 662; x_wconf 85' lang='lat' dir='ltr'>restituit,</span> 
     </span>
     <span class='ocr_line' id='line_1_7' title="bbox 230 671 1781 747; baseline 0.001 -20"><span class='ocrx_word' id='word_1_42' title='bbox 230 675 429 740; x_wconf 83' lang='lat' dir='ltr'>adjutus</span> <span class='ocrx_word' id='word_1_43' title='bbox 477 677 702 726; x_wconf 87' lang='lat' dir='ltr'>maxima</span> <span class='ocrx_word' id='word_1_44' title='bbox 739 693 799 728; x_wconf 86' lang='lat' dir='ltr'>ex</span> <span class='ocrx_word' id='word_1_45' title='bbox 838 691 979 747; x_wconf 86' lang='lat' dir='ltr'>parte</span> <span class='ocrx_word' id='word_1_46' title='bbox 1011 675 1156 730; x_wconf 80' lang='lat' dir='ltr'>servis</span> <span class='ocrx_word' id='word_1_47' title='bbox 1185 676 1237 727; x_wconf 88' lang='lat'>&amp;</span> <span class='ocrx_word' id='word_1_48' title='bbox 1270 671 1508 725; x_wconf 84' lang='lat' dir='ltr'>militibus</span> <span class='ocrx_word' id='word_1_49' title='bbox 1551 679 1781 746; x_wconf 86' lang='lat' dir='ltr'>gregariis</span> 
     </span>
     <span class='ocr_line' id='line_1_8' title="bbox 231 746 1781 817; baseline -0.001 -14"><span class='ocrx_word' id='word_1_50' title='bbox 231 751 331 804; x_wconf 84' lang='lat' dir='ltr'>LX.</span> <span class='ocrx_word' id='word_1_51' title='bbox 369 746 629 807; x_wconf 82' lang='lat' dir='ltr'>Tandem,</span> <span class='ocrx_word' id='word_1_52' title='bbox 665 765 787 815; x_wconf 86' lang='lat' dir='ltr'>cum</span> <span class='ocrx_word' id='word_1_53' title='bbox 824 766 917 802; x_wconf 88' lang='lat' dir='ltr'>nec</span> <span class='ocrx_word' id='word_1_54' title='bbox 948 747 1085 802; x_wconf 83' lang='lat' dir='ltr'>ferto</span> <span class='ocrx_word' id='word_1_55' title='bbox 1118 765 1211 800; x_wconf 90' lang='lat' dir='ltr'>nec</span> <span class='ocrx_word' id='word_1_56' title='bbox 1248 746 1352 798; x_wconf 89' lang='lat' dir='ltr'>telis</span> <span class='ocrx_word' id='word_1_57' title='bbox 1388 747 1576 817; x_wconf 83' lang='lat' dir='ltr'>posset,</span> <span class='ocrx_word' id='word_1_58' title='bbox 1601 752 1781 802; x_wconf 88' lang='lat' dir='ltr'>admo-</span> 
     </span>
     <span class='ocr_line' id='line_1_9' title="bbox 233 821 1780 893; baseline 0.001 -18"><span class='ocrx_word' id='word_1_59' title='bbox 233 839 292 875; x_wconf 84' lang='lat' dir='ltr'>to</span> <span class='ocrx_word' id='word_1_60' title='bbox 315 825 430 893; x_wconf 88' lang='lat' dir='ltr'>igne</span> <span class='ocrx_word' id='word_1_61' title='bbox 454 838 663 892; x_wconf 84' lang='lat' dir='ltr'>urgetur</span> <span class='ocrx_word' id='word_1_62' title='bbox 690 858 705 881; x_wconf 89' lang='lat'><em>‚</em></span> <span class='ocrx_word' id='word_1_63' title='bbox 738 825 979 877; x_wconf 85' lang='lat' dir='ltr'>nimirum</span> <span class='ocrx_word' id='word_1_64' title='bbox 1003 859 1017 882; x_wconf 89' lang='lat'><strong>,</strong></span> <span class='ocrx_word' id='word_1_65' title='bbox 1059 824 1394 879; x_wconf 82' lang='lat' dir='ltr'>Tartarorum</span> <span class='ocrx_word' id='word_1_66' title='bbox 1442 821 1624 892; x_wconf 86' lang='lat' dir='ltr'>sagittis</span> <span class='ocrx_word' id='word_1_67' title='bbox 1663 823 1780 876; x_wconf 88' lang='lat' dir='ltr'>stra-</span> 
     </span>
     <span class='ocr_line' id='line_1_10' title="bbox 234 892 1833 968; baseline 0.001 -21"><span class='ocrx_word' id='word_1_68' title='bbox 234 900 372 947; x_wconf 86' lang='lat' dir='ltr'>mine</span> <span class='ocrx_word' id='word_1_69' title='bbox 406 892 611 948; x_wconf 83' lang='lat' dir='ltr'>ardente</span> <span class='ocrx_word' id='word_1_70' title='bbox 657 900 912 956; x_wconf 86' lang='lat' dir='ltr'>oneratis,</span> <span class='ocrx_word' id='word_1_71' title='bbox 950 896 1136 968; x_wconf 87' lang='lat' dir='ltr'>quibus</span> <span class='ocrx_word' id='word_1_72' title='bbox 1196 893 1386 947; x_wconf 60' lang='lat' dir='ltr'>tectum</span> <span class='ocrx_word' id='word_1_73' title='bbox 1445 892 1667 966; x_wconf 84' lang='lat' dir='ltr'>ligneum</span> <span class='ocrx_word' id='word_1_74' title='bbox 1705 899 1778 948; x_wconf 88' lang='lat' dir='ltr'>in·</span> <span class='ocrx_word' id='word_1_75' title='bbox 1828 951 1833 959; x_wconf 71' lang='grc'><em>,</em></span> 
     </span>
     <span class='ocr_line' id='line_1_11' title="bbox 234 967 1783 1034; baseline 0.001 -13"><span class='ocrx_word' id='word_1_76' title='bbox 234 968 559 1022; x_wconf 84' lang='lat' dir='ltr'>cendebatur.</span> <span class='ocrx_word' id='word_1_77' title='bbox 679 969 839 1034; x_wconf 85' lang='lat' dir='ltr'>Qod</span> <span class='ocrx_word' id='word_1_78' title='bbox 928 970 1214 1023; x_wconf 64' lang='lat' dir='ltr'>exstinRuri</span> <span class='ocrx_word' id='word_1_79' title='bbox 1286 967 1568 1020; x_wconf 90' lang='lat' dir='ltr'>infortunio</span> <span class='ocrx_word' id='word_1_80' title='bbox 1639 969 1783 1022; x_wconf 89' lang='lat' dir='ltr'>flam·</span> 
     </span>
     <span class='ocr_line' id='line_1_12' title="bbox 234 1038 1783 1114; baseline 0 -19"><span class='ocrx_word' id='word_1_81' title='bbox 234 1060 344 1095; x_wconf 88' lang='lat' dir='ltr'>mas</span> <span class='ocrx_word' id='word_1_82' title='bbox 371 1045 475 1114; x_wconf 85' lang='lat' dir='ltr'>igni</span> <span class='ocrx_word' id='word_1_83' title='bbox 511 1038 813 1096; x_wconf 89' lang='lat' dir='ltr'>addiderunt</span> <span class='ocrx_word' id='word_1_84' title='bbox 836 1080 849 1102; x_wconf 86' lang='lat'><strong>,</strong></span> <span class='ocrx_word' id='word_1_85' title='bbox 874 1042 1186 1097; x_wconf 87' lang='lat' dir='ltr'>festinatione</span> <span class='ocrx_word' id='word_1_86' title='bbox 1203 1079 1216 1101; x_wconf 92' lang='lat'>‚</span> <span class='ocrx_word' id='word_1_87' title='bbox 1237 1059 1332 1112; x_wconf 91' lang='lat' dir='ltr'>pro</span> <span class='ocrx_word' id='word_1_88' title='bbox 1366 1043 1468 1093; x_wconf 91' lang='lat' dir='ltr'>vini</span> <span class='ocrx_word' id='word_1_89' title='bbox 1491 1040 1633 1094; x_wconf 89' lang='lat' dir='ltr'>dolio</span> <span class='ocrx_word' id='word_1_90' title='bbox 1649 1079 1662 1102; x_wconf 86' lang='lat'><em>,</em></span> <span class='ocrx_word' id='word_1_91' title='bbox 1687 1044 1783 1095; x_wconf 90' lang='lat' dir='ltr'>ob·</span> 
     </span>
     <span class='ocr_line' id='line_1_13' title="bbox 235 1112 1784 1188; baseline 0.001 -21"><span class='ocrx_word' id='word_1_92' title='bbox 235 1121 431 1188; x_wconf 79' lang='lat' dir='ltr'>jiciente</span> <span class='ocrx_word' id='word_1_93' title='bbox 454 1118 630 1169; x_wconf 88' lang='lat' dir='ltr'>vinum</span> <span class='ocrx_word' id='word_1_94' title='bbox 653 1114 901 1170; x_wconf 85' lang='lat' dir='ltr'>adustum.</span> <span class='ocrx_word' id='word_1_95' title='bbox 977 1118 1162 1188; x_wconf 87' lang='lat' dir='ltr'>Neque</span> <span class='ocrx_word' id='word_1_96' title='bbox 1193 1112 1479 1167; x_wconf 86' lang='lat' dir='ltr'>incendium</span> <span class='ocrx_word' id='word_1_97' title='bbox 1505 1118 1652 1186; x_wconf 86' lang='lat' dir='ltr'>Regis</span> <span class='ocrx_word' id='word_1_98' title='bbox 1679 1131 1784 1169; x_wconf 89' lang='lat' dir='ltr'>tur·</span> 
     </span>
     <span class='ocr_line' id='line_1_14' title="bbox 236 1188 1782 1260; baseline 0 -19"><span class='ocrx_word' id='word_1_99' title='bbox 236 1190 376 1242; x_wconf 76' lang='lat' dir='ltr'>bavit</span> <span class='ocrx_word' id='word_1_100' title='bbox 406 1194 651 1241; x_wconf 82' lang='lat' dir='ltr'>animum.</span> <span class='ocrx_word' id='word_1_101' title='bbox 730 1191 865 1243; x_wconf 89' lang='lat' dir='ltr'>Nam</span> <span class='ocrx_word' id='word_1_102' title='bbox 900 1207 928 1241; x_wconf 88' lang='lat' dir='ltr'>e</span> <span class='ocrx_word' id='word_1_103' title='bbox 951 1193 1120 1260; x_wconf 88' lang='lat' dir='ltr'>primo</span> <span class='ocrx_word' id='word_1_104' title='bbox 1163 1188 1482 1240; x_wconf 86' lang='lat' dir='ltr'>conclavium</span> <span class='ocrx_word' id='word_1_105' title='bbox 1504 1224 1518 1246; x_wconf 91' lang='lat'>‚</span> <span class='ocrx_word' id='word_1_106' title='bbox 1554 1207 1782 1258; x_wconf 87' lang='lat' dir='ltr'>quotum</span> 
     </span>
     <span class='ocr_line' id='line_1_15' title="bbox 236 1258 1785 1333; baseline 0 -18"><span class='ocrx_word' id='word_1_107' title='bbox 236 1265 427 1330; x_wconf 80' lang='lat' dir='ltr'>septem</span> <span class='ocrx_word' id='word_1_108' title='bbox 451 1297 466 1319; x_wconf 89' lang='lat'>,</span> <span class='ocrx_word' id='word_1_109' title='bbox 504 1258 708 1332; x_wconf 83' lang='lat' dir='ltr'>glandes</span> <span class='ocrx_word' id='word_1_110' title='bbox 744 1300 757 1322; x_wconf 92' lang='lat'>,</span> <span class='ocrx_word' id='word_1_111' title='bbox 796 1262 980 1333; x_wconf 87' lang='lat' dir='ltr'>sagittae</span> <span class='ocrx_word' id='word_1_112' title='bbox 1016 1299 1030 1320; x_wconf 87' lang='lat'><strong>,</strong></span> <span class='ocrx_word' id='word_1_113' title='bbox 1069 1280 1205 1315; x_wconf 87' lang='lat' dir='ltr'>arma</span> <span class='ocrx_word' id='word_1_114' title='bbox 1230 1297 1244 1321; x_wconf 91' lang='lat'>,</span> <span class='ocrx_word' id='word_1_115' title='bbox 1280 1258 1520 1313; x_wconf 87' lang='lat' dir='ltr'>cadavera</span> <span class='ocrx_word' id='word_1_116' title='bbox 1546 1297 1559 1318; x_wconf 91' lang='lat'><strong>,</strong></span> <span class='ocrx_word' id='word_1_117' title='bbox 1600 1264 1621 1327; x_wconf 83' lang='lat'><em>&lt;</em></span> <span class='ocrx_word' id='word_1_118' title='bbox 1657 1265 1785 1315; x_wconf 88' lang='lat' dir='ltr'>inter</span> 
     </span>
     <span class='ocr_line' id='line_1_16' title="bbox 239 1333 1784 1408; baseline -0.005 -19"><span class='ocrx_word' id='word_1_119' title='bbox 239 1354 356 1408; x_wconf 86' lang='lat' dir='ltr'>quae</span> <span class='ocrx_word' id='word_1_120' title='bbox 382 1338 656 1387; x_wconf 87' lang='lat' dir='ltr'>minimum</span> <span class='ocrx_word' id='word_1_121' title='bbox 680 1335 740 1391; x_wconf 89' lang='lat' dir='ltr'>X.</span> <span class='ocrx_word' id='word_1_122' title='bbox 763 1336 826 1388; x_wconf 91' lang='lat' dir='ltr'>ab</span> <span class='ocrx_word' id='word_1_123' title='bbox 851 1338 955 1406; x_wconf 87' lang='lat' dir='ltr'>ipso</span> <span class='ocrx_word' id='word_1_124' title='bbox 973 1339 1109 1405; x_wconf 83' lang='lat' dir='ltr'>Rege</span> <span class='ocrx_word' id='word_1_125' title='bbox 1137 1333 1378 1405; x_wconf 85' lang='lat' dir='ltr'>prostrata</span> <span class='ocrx_word' id='word_1_126' title='bbox 1392 1350 1784 1388; x_wconf 84' lang='lat' dir='ltr'>numerantom.</span> 
     </span>
     <span class='ocr_line' id='line_1_17' title="bbox 238 1405 1784 1478; baseline -0.001 -16"><span class='ocrx_word' id='word_1_127' title='bbox 238 1410 380 1477; x_wconf 81' lang='lat' dir='ltr'>nes)</span> <span class='ocrx_word' id='word_1_128' title='bbox 418 1407 676 1478; x_wconf 86' lang='lat' dir='ltr'>replebant</span> <span class='ocrx_word' id='word_1_129' title='bbox 708 1445 726 1471; x_wconf 89' lang='lat'><strong>,</strong></span> <span class='ocrx_word' id='word_1_130' title='bbox 776 1408 838 1462; x_wconf 91' lang='lat' dir='ltr'>ad</span> <span class='ocrx_word' id='word_1_131' title='bbox 877 1409 1110 1463; x_wconf 88' lang='lat' dir='ltr'>ultimam</span> <span class='ocrx_word' id='word_1_132' title='bbox 1162 1407 1317 1477; x_wconf 86' lang='lat' dir='ltr'>usque</span> <span class='ocrx_word' id='word_1_133' title='bbox 1365 1405 1549 1460; x_wconf 81' lang='lat' dir='ltr'>aedium</span> <span class='ocrx_word' id='word_1_134' title='bbox 1590 1426 1784 1477; x_wconf 82' lang='lat' dir='ltr'>partem</span> 
     </span>
     <span class='ocr_line' id='line_1_18' title="bbox 241 1480 1790 1552; baseline -0.002 -17"><span class='ocrx_word' id='word_1_135' title='bbox 241 1482 415 1552; x_wconf 84' lang='lat' dir='ltr'>septies</span> <span class='ocrx_word' id='word_1_136' title='bbox 437 1480 648 1534; x_wconf 87' lang='lat' dir='ltr'>flamma</span> <span class='ocrx_word' id='word_1_137' title='bbox 673 1482 1044 1552; x_wconf 82' lang='lat' dir='ltr'>receptaculum</span> <span class='ocrx_word' id='word_1_138' title='bbox 1071 1496 1367 1535; x_wconf 85' lang='lat' dir='ltr'>mutaverat.</span> <span class='ocrx_word' id='word_1_139' title='bbox 1465 1480 1520 1532; x_wconf 92' lang='lat' dir='ltr'>ln</span> <span class='ocrx_word' id='word_1_140' title='bbox 1541 1498 1649 1550; x_wconf 88' lang='lat' dir='ltr'>quo</span> <span class='ocrx_word' id='word_1_141' title='bbox 1677 1482 1790 1534; x_wconf 90' lang='lat' dir='ltr'>ulti-</span> 
     </span>
     <span class='ocr_line' id='line_1_19' title="bbox 245 1554 1790 1623; baseline -0.002 -16"><span class='ocrx_word' id='word_1_142' title='bbox 245 1574 338 1607; x_wconf 87' lang='lat' dir='ltr'>mo</span> <span class='ocrx_word' id='word_1_143' title='bbox 360 1554 586 1607; x_wconf 88' lang='lat' dir='ltr'>conclavi</span> <span class='ocrx_word' id='word_1_144' title='bbox 611 1554 928 1623; x_wconf 84' lang='lat' dir='ltr'>postremum</span> <span class='ocrx_word' id='word_1_145' title='bbox 952 1555 1191 1607; x_wconf 85' lang='lat' dir='ltr'>auxilium</span> <span class='ocrx_word' id='word_1_146' title='bbox 1221 1554 1547 1622; x_wconf 77' lang='lat' dir='ltr'>praestiterunt</span> <span class='ocrx_word' id='word_1_147' title='bbox 1572 1555 1790 1606; x_wconf 86' lang='lat' dir='ltr'>Schorn·</span> 
     </span>
     <span class='ocr_line' id='line_1_20' title="bbox 245 1625 1790 1697; baseline -0.001 -16"><span class='ocrx_word' id='word_1_148' title='bbox 245 1628 338 1682; x_wconf 86' lang='lat' dir='ltr'>ber</span> <span class='ocrx_word' id='word_1_149' title='bbox 375 1631 428 1681; x_wconf 87' lang='lat'>&amp;</span> <span class='ocrx_word' id='word_1_150' title='bbox 465 1626 665 1680; x_wconf 81' lang='lat' dir='ltr'>Axelius</span> <span class='ocrx_word' id='word_1_151' title='bbox 703 1630 885 1687; x_wconf 85' lang='lat' dir='ltr'>Roos,</span> <span class='ocrx_word' id='word_1_152' title='bbox 923 1631 1150 1697; x_wconf 84' lang='lat' dir='ltr'>corporis</span> <span class='ocrx_word' id='word_1_153' title='bbox 1197 1625 1428 1679; x_wconf 87' lang='lat' dir='ltr'>custodes</span> <span class='ocrx_word' id='word_1_154' title='bbox 1453 1662 1466 1684; x_wconf 90' lang='lat'><strong>,</strong></span> <span class='ocrx_word' id='word_1_155' title='bbox 1505 1628 1790 1680; x_wconf 85' lang='lat' dir='ltr'>occubituri</span> 
     </span>
     <span class='ocr_line' id='line_1_21' title="bbox 249 1698 1789 1773; baseline 0.001 -21"><span class='ocrx_word' id='word_1_156' title='bbox 249 1721 367 1758; x_wconf 87' lang='lat' dir='ltr'>cum</span> <span class='ocrx_word' id='word_1_157' title='bbox 385 1706 527 1773; x_wconf 86' lang='lat' dir='ltr'>Rege</span> <span class='ocrx_word' id='word_1_158' title='bbox 541 1737 554 1759; x_wconf 89' lang='lat'><strong><em>,</em></strong></span> <span class='ocrx_word' id='word_1_159' title='bbox 574 1699 607 1751; x_wconf 83' lang='lat' dir='ltr'>fi</span> <span class='ocrx_word' id='word_1_160' title='bbox 649 1704 696 1752; x_wconf 91' lang='lat' dir='ltr'>in</span> <span class='ocrx_word' id='word_1_161' title='bbox 719 1702 1055 1754; x_wconf 69' lang='lat' dir='ltr'>Tartar-orum</span> <span class='ocrx_word' id='word_1_162' title='bbox 1075 1716 1252 1751; x_wconf 87' lang='lat' dir='ltr'>manus</span> <span class='ocrx_word' id='word_1_163' title='bbox 1267 1698 1588 1751; x_wconf 87' lang='lat' dir='ltr'>incidendum</span> <span class='ocrx_word' id='word_1_164' title='bbox 1610 1699 1789 1763; x_wconf 76' lang='lat' dir='ltr'>fuiffet,</span> 
     </span>
     <span class='ocr_line' id='line_1_22' title="bbox 249 1772 1790 1831; baseline -0.002 -1"><span class='ocrx_word' id='word_1_165' title='bbox 249 1781 319 1830; x_wconf 80' lang='lat' dir='ltr'>At</span> <span class='ocrx_word' id='word_1_166' title='bbox 344 1776 504 1831; x_wconf 86' lang='lat' dir='ltr'>obviis</span> <span class='ocrx_word' id='word_1_167' title='bbox 543 1772 631 1827; x_wconf 86' lang='lat' dir='ltr'>fibi</span> <span class='ocrx_word' id='word_1_168' title='bbox 656 1773 791 1828; x_wconf 69' lang='lat' dir='ltr'>faffis</span> <span class='ocrx_word' id='word_1_169' title='bbox 822 1778 996 1829; x_wconf 85' lang='lat' dir='ltr'>Turcis</span> <span class='ocrx_word' id='word_1_170' title='bbox 1023 1778 1127 1826; x_wconf 84' lang='lat' dir='ltr'>Rex</span> <span class='ocrx_word' id='word_1_171' title='bbox 1177 1772 1250 1824; x_wconf 86' lang='lat' dir='ltr'>bis</span> <span class='ocrx_word' id='word_1_172' title='bbox 1301 1772 1470 1825; x_wconf 79' lang='lat' dir='ltr'>leviter</span> <span class='ocrx_word' id='word_1_173' title='bbox 1509 1773 1790 1827; x_wconf 80' lang='lat' dir='ltr'>vulneratus</span> 
     </span>
     <span class='ocr_line' id='line_1_23' title="bbox 250 1846 1792 1918; baseline 0 -17"><span class='ocrx_word' id='word_1_174' title='bbox 250 1850 455 1902; x_wconf 88' lang='lat' dir='ltr'>tandem</span> <span class='ocrx_word' id='word_1_175' title='bbox 475 1848 695 1900; x_wconf 84' lang='lat' dir='ltr'>flammis</span> <span class='ocrx_word' id='word_1_176' title='bbox 722 1847 866 1901; x_wconf 81' lang='lat' dir='ltr'>cedit.</span> <span class='ocrx_word' id='word_1_177' title='bbox 939 1847 1163 1918; x_wconf 79' lang='lat' dir='ltr'>Egressus</span> <span class='ocrx_word' id='word_1_178' title='bbox 1199 1846 1424 1899; x_wconf 55' lang='lat' dir='ltr'>statium</span> <span class='ocrx_word' id='word_1_179' title='bbox 1457 1846 1683 1917; x_wconf 85' lang='lat' dir='ltr'>gladium</span> <span class='ocrx_word' id='word_1_180' title='bbox 1704 1865 1792 1918; x_wconf 85' lang='lat' dir='ltr'>ge-</span> 
     </span>
     <span class='ocr_line' id='line_1_24' title="bbox 249 1919 1790 1993; baseline -0.001 -18"><span class='ocrx_word' id='word_1_181' title='bbox 249 1940 361 1975; x_wconf 87' lang='lat' dir='ltr'>rens</span> <span class='ocrx_word' id='word_1_182' title='bbox 383 1926 565 1975; x_wconf 87' lang='lat' dir='ltr'>iterum</span> <span class='ocrx_word' id='word_1_183' title='bbox 584 1921 740 1980; x_wconf 89' lang='lat' dir='ltr'>cadit,</span> <span class='ocrx_word' id='word_1_184' title='bbox 756 1923 912 1993; x_wconf 84' lang='lat' dir='ltr'>glacie</span> <span class='ocrx_word' id='word_1_185' title='bbox 932 1921 1193 1993; x_wconf 80' lang='lat' dir='ltr'>vestigium</span> <span class='ocrx_word' id='word_1_186' title='bbox 1216 1919 1431 1971; x_wconf 68' lang='lat' dir='ltr'>fallente.</span> <span class='ocrx_word' id='word_1_187' title='bbox 1557 1924 1790 1991; x_wconf 83' lang='lat' dir='ltr'>Superin-</span> 
     </span>
     <span class='ocr_line' id='line_1_25' title="bbox 250 1993 1790 2066; baseline -0.002 -18"><span class='ocrx_word' id='word_1_188' title='bbox 250 1997 428 2049; x_wconf 87' lang='lat' dir='ltr'>cidunt</span> <span class='ocrx_word' id='word_1_189' title='bbox 443 1999 652 2053; x_wconf 84' lang='lat' dir='ltr'>Turcae,</span> <span class='ocrx_word' id='word_1_190' title='bbox 681 1998 732 2050; x_wconf 72' lang='grc' dir='ltr'>ὅ(</span> <span class='ocrx_word' id='word_1_191' title='bbox 756 1995 1007 2066; x_wconf 83' lang='lat' dir='ltr'>impedita:</span> <span class='ocrx_word' id='word_1_192' title='bbox 1037 1996 1204 2045; x_wconf 88' lang='lat' dir='ltr'>manui</span> <span class='ocrx_word' id='word_1_193' title='bbox 1222 1993 1518 2047; x_wconf 86' lang='lat' dir='ltr'>subtrabunt</span> <span class='ocrx_word' id='word_1_194' title='bbox 1537 1995 1790 2066; x_wconf 83' lang='lat' dir='ltr'>gladium,</span> 
     </span>
     <span class='ocr_line' id='line_1_26' title="bbox 252 2065 1796 2140; baseline -0.001 -18"><span class='ocrx_word' id='word_1_195' title='bbox 252 2069 390 2140; x_wconf 75' lang='lat' dir='ltr'>quali</span> <span class='ocrx_word' id='word_1_196' title='bbox 408 2087 528 2123; x_wconf 83' lang='lat' dir='ltr'>tunc</span> <span class='ocrx_word' id='word_1_197' title='bbox 544 2068 756 2122; x_wconf 90' lang='lat' dir='ltr'>demum</span> <span class='ocrx_word' id='word_1_198' title='bbox 784 2071 892 2122; x_wconf 90' lang='lat' dir='ltr'>tuti.</span> <span class='ocrx_word' id='word_1_199' title='bbox 971 2070 1199 2139; x_wconf 69' lang='lat' dir='ltr'>Surgenti</span> <span class='ocrx_word' id='word_1_200' title='bbox 1222 2065 1386 2118; x_wconf 87' lang='lat' dir='ltr'>statim</span> <span class='ocrx_word' id='word_1_201' title='bbox 1401 2065 1796 2127; x_wconf 69' lang='lat' dir='ltr'>declarantmul-</span> 
     </span>
     <span class='ocr_line' id='line_1_27' title="bbox 251 2141 1794 2210; baseline 0.001 -15"><span class='ocrx_word' id='word_1_202' title='bbox 251 2143 352 2195; x_wconf 89' lang='lat' dir='ltr'>lam</span> <span class='ocrx_word' id='word_1_203' title='bbox 377 2143 421 2195; x_wconf 88' lang='lat' dir='ltr'>se</span> <span class='ocrx_word' id='word_1_204' title='bbox 444 2141 664 2195; x_wconf 87' lang='lat' dir='ltr'>nocendi</span> <span class='ocrx_word' id='word_1_205' title='bbox 690 2143 1006 2195; x_wconf 86' lang='lat' dir='ltr'>voluntatem</span> <span class='ocrx_word' id='word_1_206' title='bbox 1040 2142 1237 2193; x_wconf 88' lang='lat' dir='ltr'>habere.</span> <span class='ocrx_word' id='word_1_207' title='bbox 1350 2144 1520 2210; x_wconf 88' lang='lat' dir='ltr'>Atque</span> <span class='ocrx_word' id='word_1_208' title='bbox 1534 2157 1622 2194; x_wconf 90' lang='lat' dir='ltr'>aut</span> <span class='ocrx_word' id='word_1_209' title='bbox 1639 2145 1794 2196; x_wconf 85' lang='lat' dir='ltr'>virtu-</span> 
     </span>
     <span class='ocr_line' id='line_1_28' title="bbox 254 2213 1793 2283; baseline 0 -15"><span class='ocrx_word' id='word_1_210' title='bbox 254 2219 314 2268; x_wconf 90' lang='lat' dir='ltr'>tis</span> <span class='ocrx_word' id='word_1_211' title='bbox 329 2216 758 2273; x_wconf 87' lang='lat' dir='ltr'>admirationeaut</span> <span class='ocrx_word' id='word_1_212' title='bbox 787 2216 1081 2268; x_wconf 85' lang='lat' dir='ltr'>conscientia</span> <span class='ocrx_word' id='word_1_213' title='bbox 1105 2213 1337 2266; x_wconf 84' lang='lat' dir='ltr'>facinoris</span> <span class='ocrx_word' id='word_1_214' title='bbox 1365 2213 1502 2283; x_wconf 90' lang='lat' dir='ltr'>apud</span> <span class='ocrx_word' id='word_1_215' title='bbox 1529 2216 1793 2271; x_wconf 81' lang='lat' dir='ltr'>Sultanum</span> 
     </span>
     <span class='ocr_line' id='line_1_29' title="bbox 254 2286 1794 2361; baseline -0.001 -17"><span class='ocrx_word' id='word_1_216' title='bbox 254 2289 529 2361; x_wconf 86' lang='lat' dir='ltr'>purgandi,</span> <span class='ocrx_word' id='word_1_217' title='bbox 553 2307 765 2342; x_wconf 89' lang='lat' dir='ltr'>omnem</span> <span class='ocrx_word' id='word_1_218' title='bbox 797 2291 847 2341; x_wconf 89' lang='lat' dir='ltr'>in</span> <span class='ocrx_word' id='word_1_219' title='bbox 877 2291 1111 2343; x_wconf 77' lang='lat' dir='ltr'>Tartar-os</span> <span class='ocrx_word' id='word_1_220' title='bbox 1136 2286 1338 2357; x_wconf 87' lang='lat' dir='ltr'>culpam</span> <span class='ocrx_word' id='word_1_221' title='bbox 1370 2287 1639 2359; x_wconf 83' lang='lat' dir='ltr'>relegantes</span> <span class='ocrx_word' id='word_1_222' title='bbox 1672 2305 1794 2342; x_wconf 88' lang='lat' dir='ltr'>cum</span> 
     </span>
     <span class='ocr_line' id='line_1_30' title="bbox 253 2360 1798 2434; baseline 0.001 -19"><span class='ocrx_word' id='word_1_223' title='bbox 253 2381 394 2434; x_wconf 88' lang='lat' dir='ltr'>equo</span> <span class='ocrx_word' id='word_1_224' title='bbox 415 2363 677 2430; x_wconf 74' lang='lat' dir='ltr'>phalerato</span> <span class='ocrx_word' id='word_1_225' title='bbox 708 2362 877 2415; x_wconf 84' lang='lat' dir='ltr'>officia</span> <span class='ocrx_word' id='word_1_226' title='bbox 906 2361 1105 2433; x_wconf 86' lang='lat' dir='ltr'>pristina</span> <span class='ocrx_word' id='word_1_227' title='bbox 1150 2360 1395 2415; x_wconf 87' lang='lat' dir='ltr'>deferunt.</span> <span class='ocrx_word' id='word_1_228' title='bbox 1493 2361 1798 2416; x_wconf 83' lang='lat' dir='ltr'>Conscendit</span> 
     </span>
     <span class='ocr_line' id='line_1_31' title="bbox 254 2433 1796 2508; baseline -0.001 -19"><span class='ocrx_word' id='word_1_229' title='bbox 254 2453 517 2507; x_wconf 88' lang='lat' dir='ltr'>acceptum</span> <span class='ocrx_word' id='word_1_230' title='bbox 555 2455 750 2508; x_wconf 87' lang='lat' dir='ltr'>equum</span> <span class='ocrx_word' id='word_1_231' title='bbox 791 2439 920 2495; x_wconf 75' lang='lat' dir='ltr'>Rex,</span> <span class='ocrx_word' id='word_1_232' title='bbox 944 2434 1150 2488; x_wconf 83' lang='lat' dir='ltr'>duobus</span> <span class='ocrx_word' id='word_1_233' title='bbox 1190 2450 1389 2488; x_wconf 89' lang='lat' dir='ltr'>tantum</span> <span class='ocrx_word' id='word_1_234' title='bbox 1414 2433 1622 2489; x_wconf 90' lang='lat' dir='ltr'>suorum</span> <span class='ocrx_word' id='word_1_235' title='bbox 1649 2435 1796 2507; x_wconf 88' lang='lat' dir='ltr'>stipa·</span> 
     </span>
     <span class='ocr_line' id='line_1_32' title="bbox 255 2509 1795 2580; baseline 0 -19"><span class='ocrx_word' id='word_1_236' title='bbox 255 2527 338 2562; x_wconf 87' lang='lat' dir='ltr'>rus</span> <span class='ocrx_word' id='word_1_237' title='bbox 362 2546 375 2569; x_wconf 90' lang='lat'><strong>,</strong></span> <span class='ocrx_word' id='word_1_238' title='bbox 414 2513 467 2561; x_wconf 73' lang='grc' dir='ltr'>ὅ(</span> <span class='ocrx_word' id='word_1_239' title='bbox 504 2514 621 2580; x_wconf 83' lang='lat' dir='ltr'>quia</span> <span class='ocrx_word' id='word_1_240' title='bbox 657 2509 882 2563; x_wconf 82' lang='lat' dir='ltr'>hostibus</span> <span class='ocrx_word' id='word_1_241' title='bbox 922 2525 1152 2579; x_wconf 79' lang='lat' dir='ltr'>ereptus,</span> <span class='ocrx_word' id='word_1_242' title='bbox 1196 2509 1358 2562; x_wconf 69' lang='lat' dir='ltr'>vistor</span> <span class='ocrx_word' id='word_1_243' title='bbox 1407 2511 1596 2580; x_wconf 74' lang='lat' dir='ltr'>magiS,</span> <span class='ocrx_word' id='word_1_244' title='bbox 1634 2525 1795 2580; x_wconf 86' lang='lat' dir='ltr'>quam</span> 
     </span>
     <span class='ocr_line' id='line_1_33' title="bbox 255 2581 1795 2651; baseline -0.002 -15"><span class='ocrx_word' id='word_1_245' title='bbox 255 2585 441 2640; x_wconf 73' lang='lat' dir='ltr'>victus,</span> <span class='ocrx_word' id='word_1_246' title='bbox 479 2583 542 2634; x_wconf 89' lang='lat' dir='ltr'>ab</span> <span class='ocrx_word' id='word_1_247' title='bbox 579 2583 683 2650; x_wconf 86' lang='lat' dir='ltr'>ipso</span> <span class='ocrx_word' id='word_1_248' title='bbox 715 2581 950 2636; x_wconf 70' lang='lat' dir='ltr'>Praefesto</span> <span class='ocrx_word' id='word_1_249' title='bbox 976 2586 1025 2634; x_wconf 90' lang='lat' dir='ltr'>in</span> <span class='ocrx_word' id='word_1_250' title='bbox 1049 2581 1213 2635; x_wconf 79' lang='lat' dir='ltr'>media</span> <span class='ocrx_word' id='word_1_251' title='bbox 1246 2584 1322 2634; x_wconf 87' lang='lat' dir='ltr'>via</span> <span class='ocrx_word' id='word_1_252' title='bbox 1345 2584 1622 2651; x_wconf 86' lang='lat' dir='ltr'>excipitur,</span> <span class='ocrx_word' id='word_1_253' title='bbox 1660 2582 1795 2635; x_wconf 86' lang='lat' dir='ltr'>debi-</span> 
     </span>
     <span class='ocr_line' id='line_1_34' title="bbox 255 2654 1815 2729; baseline 0.001 -22"><span class='ocrx_word' id='word_1_254' title='bbox 255 2672 407 2726; x_wconf 85' lang='lat' dir='ltr'>taque</span> <span class='ocrx_word' id='word_1_255' title='bbox 428 2655 668 2721; x_wconf 78' lang='lat' dir='ltr'>Majestati</span> <span class='ocrx_word' id='word_1_256' title='bbox 691 2661 959 2709; x_wconf 82' lang='lat' dir='ltr'>reverentia</span> <span class='ocrx_word' id='word_1_257' title='bbox 982 2660 1030 2706; x_wconf 82' lang='lat' dir='ltr'>in</span> <span class='ocrx_word' id='word_1_258' title='bbox 1061 2663 1161 2722; x_wconf 87' lang='lat' dir='ltr'>ejus</span> <span class='ocrx_word' id='word_1_259' title='bbox 1183 2654 1403 2706; x_wconf 88' lang='lat' dir='ltr'>domum</span> <span class='ocrx_word' id='word_1_260' title='bbox 1431 2655 1650 2717; x_wconf 79' lang='lat' dir='ltr'>ducitur.</span> <span class='ocrx_word' id='word_1_261' title='bbox 1726 2658 1815 2729; x_wconf 79' lang='lat' dir='ltr'>U-.¹</span> 
     </span>
     <span class='ocr_line' id='line_1_35' title="bbox 253 2727 1794 2800; baseline -0.003 -18"><span class='ocrx_word' id='word_1_262' title='bbox 253 2728 304 2782; x_wconf 84' lang='lat' dir='ltr'>bi</span> <span class='ocrx_word' id='word_1_263' title='bbox 344 2729 927 2787; x_wconf 70' lang='lat' dir='ltr'>GrothufiumAEricurn</span> <span class='ocrx_word' id='word_1_264' title='bbox 967 2731 1192 2800; x_wconf 82' lang='lat' dir='ltr'>Ribbing</span> <span class='ocrx_word' id='word_1_265' title='bbox 1218 2732 1267 2784; x_wconf 74' lang='grc' dir='ltr'>ὅ(</span> <span class='ocrx_word' id='word_1_266' title='bbox 1310 2727 1794 2786; x_wconf 83' lang='lat' dir='ltr'>Cederstroemium,</span> 
     </span>
    </p>
   </div>
   <div class='ocr_carea' id='block_1_3' title="bbox 1707 2802 1797 2872">
    <p class='ocr_par' dir='ltr' id='par_1_3' title="bbox 1707 2802 1797 2872">
     <span class='ocr_line' id='line_1_36' title="bbox 1707 2802 1797 2872; baseline -0.022 -18"><span class='ocrx_word' id='word_1_267' title='bbox 1707 2802 1797 2872; x_wconf 77' lang='lat' dir='ltr'>qui</span> 
     </span>
    </p>
   </div>
   <div class='ocr_carea' id='block_1_4' title="bbox 1788 0 1882 3094">
    <p class='ocr_par' dir='ltr' id='par_1_4' title="bbox 1788 0 1882 3094">
     <span class='ocr_line' id='line_1_37' title="bbox 1788 0 1882 3094; baseline 0 0"><span class='ocrx_word' id='word_1_268' title='bbox 1788 0 1882 3094; x_wconf 95' lang='lat' dir='ltr'> </span> 
     </span>
    </p>
   </div>
  </div>
 </body>
</html>
