1882 3094
975 131 1072 185 334

324 245 392 297 Ex
417 243 486 297 his
508 240 608 295 ossa
633 241 831 293 minora
855 239 1037 294 nostrae
1061 256 1309 301 cavernae,
1332 245 1540 315 propius
1560 244 1623 299 ad
1649 260 1833 310 verum„

209 316 487 371 accedentia
502 315 690 368 facilius
712 311 870 366 oculis
891 317 1191 384 imponunt,
1207 332 1360 386 quam
1385 316 1486 377 illa,
1503 336 1613 390 quae
1629 314 1836 372 exorbiss?

210 392 352 443 tantis
375 404 562 442 naturae
589 388 752 442 lusum
780 386 1081 442 manifestius
1097 388 1337 458 produnt.
1410 392 1638 461 Inprimis
1664 384 1834 463 qvuzn²

208 457 374 516 fossilis
387 461 673 514 osteocollae
696 459 897 530 pondus
909 478 1014 514 non
1029 462 1284 515 excedant.
1357 463 1436 516 Ne
1449 479 1619 517 tamen
1631 482 1726 536 pro
1742 483 1822 518 ve-

208 541 269 589 ris
294 534 480 589 offibus
494 535 790 592 habeantur,
812 532 978 587 obstat
993 534 1306 587 formationis
1318 534 1578 590 diversitas.
1647 539 1824 591 Ferunt
1845 589 1855 600 ,

206 610 571 680 Tranfylvaniae
602 621 804 661 montes
829 607 1059 660 metallici
1081 608 1182 660 offa
1209 608 1501 675 hujusmodi
1530 627 1634 663 tam
1664 611 1824 672 crassa,

207 682 351 736 densa
368 685 420 735 ὅ(
436 682 558 734 dura
580 719 591 738 .
615 699 668 735 ur
691 680 846 734 secata
870 681 994 735 ebur
1014 698 1234 753 aequent.
1311 684 1364 734 In
1390 683 1564 736 nostris
1592 680 1823 754 quando-

207 774 308 829 que
332 759 446 809 nitri
477 754 677 808 aCtuosa
708 757 779 807 vis
808 771 1099 809 contextam
1127 755 1409 808 ramusculis
1430 753 1822 817 craffitudinem.

207 828 395 883 codem
410 867 421 886 ,
445 847 552 899 quo
574 827 769 900 frigoris
790 827 1457 887 salcoalescir,concretionis
1469 847 1672 900 genere,
1687 830 1822 898 supra

207 901 429 956 modum
454 900 745 955 ordinatum
769 900 960 954 format
985 912 1005 974 3
1054 901 1314 955 Interdum
1339 907 1470 954 intus
1492 907 1664 955 omnia
1692 903 1824 956 adeo

205 976 361 1047 replet
385 1016 399 1038 ,
430 992 486 1029 ut
511 974 739 1028 defluant
775 974 1039 1029 ramusculi
1059 974 1255 1027 referre
1289 973 1519 1028 medullae
1539 975 1823 1036 filamenra,‘

206 1050 390 1120 quibus
413 1048 579 1102 forent
612 1048 811 1108 limileS,
838 1047 872 1100 fi
894 1048 1046 1102 essent
1074 1052 1238 1101 minus
1262 1048 1545 1118 frequentes
1577 1053 1630 1102 ὅ(
1659 1054 1822 1102 minus

205 1123 433 1183 friabiles‚
533 1122 745 1176 Accedit
767 1123 1058 1177 extrinsecus
1081 1122 1331 1175 adhaerens
1351 1121 1615 1174 formantis
1638 1126 1821 1191 Margae

207 1195 341 1268 quafi
366 1197 579 1254 matrix,
596 1195 694 1248 ssve
717 1195 1018 1265 proplasma.
1093 1199 1230 1248 Sicut
1255 1195 1534 1248 Mascardus
1560 1201 1607 1246 in
1631 1198 1818 1247 Musaeo

205 1289 318 1341 pag.
354 1279 473 1338 187.
505 1268 689 1321 fatetur
720 1304 735 1327 ,
776 1268 953 1320 servari
993 1285 1020 1322 a
1054 1269 1098 1322 se
1133 1269 1412 1342 fungorum
1452 1270 1819 1339 perric-osorum

205 1345 432 1396 matrices
455 1341 801 1411 Iapidesceutes
823 1379 836 1400 ,
860 1357 916 1394 ut
942 1342 1103 1412 tophi.

320 1413 440 1470 offa
463 1419 655 1481 majora
681 1434 742 1466 ex
767 1429 979 1486 utraque
1009 1432 1149 1485 parte
1171 1416 1360 1485 integra
1393 1432 1506 1466 raro
1543 1413 1818 1484 deprehen-

206 1487 423 1554 duntur;
462 1490 512 1541 in
527 1487 807 1541 minoribus
823 1487 969 1557 saepe,
994 1507 1106 1560 quae
1126 1491 1366 1540 excitatur
1383 1494 1526 1541 unius
1552 1491 1696 1557 partis
1715 1505 1819 1539 car-

205 1563 402 1633 tilagine
413 1560 676 1614 admiratio
691 1561 913 1621 ,alterius
929 1564 1459 1632 terminationeiniqua
1486 1580 1572 1614 aur
1587 1560 1815 1613 deficien-
1880 1602 1882 1632 j

205 1653 255 1689 te
281 1632 513 1689 eluditur.
572 1637 930 1704 Inveniparvas
951 1633 1192 1686 acetabuli
1217 1651 1398 1703 partes,
1423 1640 1562 1702 cujus
1586 1651 1815 1688 concavo

204 1707 427 1782 apposita
447 1707 541 1762 fuit
565 1707 767 1761 dimidia
790 1725 897 1777 pars
915 1707 1053 1778 globi
1077 1705 1188 1758 offis
1205 1724 1487 1759 extremum
1514 1707 1738 1760 referens,
1803 1769 1806 1773 .

318 1785 374 1834 In
395 1785 681 1835 crauiorum
705 1798 792 1834 aur
812 1781 972 1833 frustis
995 1779 1319 1837 informibus,
1335 1797 1420 1833 aur
1441 1780 1673 1833 mirandis
1703 1797 1814 1850 par-

204 1855 360 1915 tibus,
384 1873 498 1926 quae
529 1854 702 1908 suturis
739 1854 954 1925 ligantur
978 1891 991 1911 .
1047 1852 1373 1925 quorundam
1404 1870 1601 1906 externa
1635 1854 1814 1906 laevitas

205 1932 437 2000 proxima
459 1927 527 1981 est
552 1947 670 1981 vero
691 1965 702 1985 ,
740 1929 956 1980 aliorum
983 1931 1188 1980 interior
1214 1925 1452 1979 struCtura
1479 1926 1612 1998 quasi
1643 1930 1814 1996 apium

203 2002 349 2055 alveis
374 2001 720 2061 confunditur,
793 2003 865 2053 Eo
890 1999 1097 2071 quidem
1124 1999 1241 2057 fitu,
1261 2003 1348 2070 qui
1373 2001 1594 2052 cerebelli
1620 2000 1818 2052 cellulas'

202 2075 360 2147 poffet
376 2073 728 2135 exhibere,nifi
753 2076 801 2126 in
825 2074 971 2129 altera
988 2072 1216 2144 opposita
1244 2091 1382 2143 parre
1405 2073 1652 2124 deficeret.
1676 2075 1812 2137 Qua-

200 2153 261 2201 lia
277 2150 531 2203 ebullanris
554 2149 784 2202 fermenti
806 2148 1053 2200 foramina
1067 2147 1177 2199 alias
1192 2146 1310 2216 saepe
1323 2147 1476 2199 sceleri
1493 2165 1645 2216 partes
1661 2180 1679 2206 ‚
1702 2149 1813 2217 qui-

202 2223 294 2277 bus
309 2226 520 2277 minime
531 2240 842 2291 congruunt,
858 2224 1038 2291 pariter
1058 2218 1339 2289 deturpant.

317 2297 614 2368 Costae,quae
633 2295 753 2347 ficut
769 2290 931 2347 cetera
953 2293 1225 2363 singillatim
1239 2291 1810 2347 effodiuntunomnium
1836 2315 1839 2333 ι

200 2372 408 2423 minime
434 2369 544 2423 suut
568 2369 805 2439 iuspetstae.

320 2443 677 2496 Vertebrarum
701 2445 782 2495 vix
810 2438 929 2493 duas
963 2457 1067 2491 uno
1091 2439 1211 2492 loco
1235 2440 1456 2491 invenire
1477 2435 1654 2489 datum
1689 2435 1807 2498 fuir,

199 2532 255 2566 ur
280 2516 488 2587 quidem
514 2533 688 2568 earum
714 2531 933 2586 quatuor
965 2512 1096 2566 certzi
1122 2517 1172 2566 δι
1195 2508 1521 2565 determinata
1549 2510 1705 2581 figura
1735 2510 1808 2561 di-

200 2590 389 2642 stinelas
415 2589 593 2659 species
629 2589 928 2647 observare3
987 2604 1203 2656 quarum
1243 2603 1329 2656 par
1364 2587 1413 2638 in
1438 2582 1630 2653 singulis
1658 2585 1804 2650 Sym-

201 2668 371 2715 metria
406 2677 860 2733 quantumcunque
882 2658 1112 2711 mirabilis
1139 2658 1205 2713 est
1228 2678 1244 2723 3
1283 2656 1407 2730 quid
1433 2674 1600 2711 tamen
1626 2657 1802 2778 habere}
1869 2697 1880 2734 a

1662 2746 1767 2799 quo

1846 230 1864 256 W

1858 261 1867 277 ν,

1839 279 1867 303 ’ἦ

1878 2186 1882 2219 1

1875 2261 1882 2293 (

1873 2334 1882 2367 (

1875 2408 1882 2438 r

1875 2478 1882 2502 i

1876 2554 1882 2585 t

1872 2626 1882 2658 t
