1882 3094
864 128 962 184 343

98 234 399 307 imaginibus
425 235 440 287 ἓ
477 238 605 301 Qae
629 239 679 289 in
704 234 948 307 lapidibus
974 234 1108 289 haud
1137 236 1317 307 liquet,
1339 250 1428 290 cur
1451 233 1608 304 magis
1627 226 1713 283 de-

15 352 18 358 i
98 312 212 363 beat
227 310 472 364 mirabiles
491 309 660 368 videri,
680 328 834 378 quam
851 313 900 361 in
916 309 1127 363 floribus
1151 312 1323 380 Satyrii
1341 305 1711 376 Antropopho·

96 388 161 439 ri.
190 387 239 434 in
270 382 542 443 radicibus,
569 401 626 437 ut
660 381 1034 455 Mandragoris,
1062 387 1112 435 in
1134 384 1300 454 lignis,
1326 400 1383 436 ut
1407 386 1712 452 Lapponum

96 457 396 527 idolis,quae
422 476 577 509 manu
603 456 708 509 fieri
722 455 856 528 apud
882 473 969 509 eos
991 456 1125 510 nefas
1140 457 1222 515 est,
1242 460 1338 510 &c.
1364 456 1378 507 Ξ
1416 458 1471 508 In
1483 455 1554 506 his
1571 454 1712 522 equi·-

41 578 43 583 .
93 529 213 582 dem
235 535 407 602 ingens
431 529 709 583 differentia
739 529 1050 602 agnoscenda
1070 567 1084 591 ,
1112 534 1242 583 inter
1261 548 1338 586 ea.
1365 547 1478 600 quae
1509 544 1623 580 raro
1656 526 1712 577 δε

95 603 308 674 quidem
334 603 549 656 dissimili
574 604 740 657 forma
755 620 1023 673 apparent,
1047 620 1105 657 ut
1124 606 1289 655 cancri
1308 600 1558 656 fluviatilis
1574 617 1712 670 quae-

0 714 8 751 ‚3
91 680 215 730 ⁴dam
239 680 288 729 in
312 676 438 729 fiffili
467 692 664 731 tantum
688 677 851 749 lapide
866 677 1164 748 deprehensa
1192 677 1392 748 vestigia
1410 712 1423 735 ,
1449 678 1500 729 δε
1526 691 1581 726 ea
1597 688 1709 743 quae

7 755 13 769 '
94 752 411 804 determinati
462 753 652 823 generis
693 768 830 822 pares
879 752 1073 822 semper
1114 751 1292 822 species
1323 749 1560 804 exhibent
1587 783 1601 806 ‚
1652 761 1711 799 ut

94 825 368 884 Echinites,
397 842 455 878 ut
494 825 748 878 conchites
774 861 788 884 ,
824 839 883 878 ut
916 825 1181 881 orbiculati
1205 827 1367 877 cancri
1390 821 1488 876 ssve
1528 821 1710 891 Paguri

93 897 258 957 massae
275 901 476 971 integrae
494 897 679 952 siliceae.
757 898 841 953 Illa
855 897 918 951 ad
942 916 1132 953 naturae
1159 897 1370 952 ludentis
1385 895 1518 949 casus
1535 894 1709 947 viden<-

93 989 176 1026 tur
208 972 462 1024 referenda
484 990 498 1034 3
522 975 643 1025 Haec
669 970 733 1025 ad
758 989 913 1042 opera
935 1007 950 1031 ‚
986 973 1172 1043 quibus
1198 972 1388 1042 ubique
1412 971 1550 1022 Deus
1582 983 1707 1036 prae-

40 1072 41 1077 =
90 1045 318 1098 stabilitas
353 1060 509 1097 certas
532 1044 723 1099 formas
753 1044 1030 1118 adsignavit
1054 1065 1071 1109 ;
1108 1063 1165 1099 ut
1185 1049 1288 1112 ejus
1317 1048 1369 1099 in
1395 1047 1449 1096 iis
1475 1038 1707 1108 Maiestas

2 1137 12 1150 ··
92 1135 236 1172 tanto
271 1117 570 1190 splendidius
595 1118 809 1173 eluceret
839 1155 852 1178 ‚
884 1136 1083 1190 quanto
1105 1121 1155 1171 in
1181 1119 1444 1172 occultatis
1471 1110 1707 1184 quando-

4 1210 12 1263 ζ
89 1210 192 1262 quc
236 1210 406 1244 rerum
434 1191 615 1244 finibus
639 1195 799 1265 magis
827 1191 1143 1245 absconditur
1178 1208 1198 1261 3
1240 1209 1359 1243 nam
1390 1191 1514 1261 quid
1535 1186 1708 1257 prohi-

3 1306 11 1325 ἲ
90 1266 176 1318 bet
200 1263 383 1318 semina
405 1301 418 1324 ,
457 1266 830 1320 miscendorum
851 1263 1181 1337 compendia,
1202 1282 1277 1321 ex.
1303 1281 1377 1336 gr.
1402 1266 1456 1315 in
1481 1259 1707 1327 conchy-

2 1342 6 1374 ἔ
87 1337 641 1397 liorum‚coralliorum
681 1337 922 1393 strustura
946 1375 960 1398 ,
1000 1341 1306 1391 minerarum
1337 1337 1452 1394 sali,
1479 1341 1625 1404 aeque'
1647 1347 1707 1385 ut

12 1417 15 1421 “
88 1415 313 1468 marino,
340 1410 560 1465 adserere
595 1411 621 1467 ἲ
658 1410 919 1485 Siquidem
964 1411 1130 1464 salium
1169 1408 1419 1478 ejusmodi
1445 1424 1532 1476 per
1570 1422 1706 1457 mea-

88 1503 171 1540 tus
204 1488 543 1538 subterraneos
577 1488 981 1540 communicatio
1034 1503 1142 1538 non
1188 1483 1398 1538 demum
1430 1500 1490 1534 ex
1535 1493 1705 1531 rerum

7 1569 35 1623 J
87 1563 323 1613 omnium
352 1558 684 1611 destrufflone
709 1562 760 1612 δε
787 1561 1034 1611 mixtione
1053 1556 1282 1628 petenda.
1378 1555 1563 1626 Neque
1599 1550 1705 1621 spe·

87 1637 275 1684 cici-um
301 1631 549 1684 diversitas
575 1632 793 1701 prolusu
820 1629 1051 1684 habenda
1073 1668 1086 1690 ,
1119 1650 1197 1686 ex.
1224 1648 1299 1702 gr.
1329 1647 1491 1700 quum
1516 1623 1705 1699 glosso-

0 1726 7 1756 z·
88 1724 342 1776 petraium
375 1710 505 1758 vatia
537 1704 837 1775 magnitudo
864 1740 877 1762 ‚
915 1710 1015 1772 jam
1039 1705 1103 1757 ad
1134 1708 1304 1757 avium
1332 1703 1409 1755 vel
1436 1703 1703 1754 Natricurn

0 1836 5 1849 ‚
32 1786 33 1791 ’
87 1781 278 1850 linguas
302 1815 314 1835 ,
351 1782 451 1843 iam
478 1777 541 1831 ad
573 1781 752 1830 Lamiae
775 1778 980 1839 dentes3
1021 1796 1184 1848 quum
1213 1794 1404 1829 cornua
1428 1774 1704 1826 Ammonis

2 1855 3 1863 ’
30 1918 32 1927 1
86 1852 150 1906 ad
175 1853 390 1905 nautilos
418 1888 431 1910 ,
468 1850 530 1903 ad
563 1857 732 1903 arietes
753 1888 766 1910 ,
806 1850 869 1903 ad
910 1853 1150 1920 serpentes
1179 1855 1423 1920 pertinere
1450 1861 1703 1917 putantur.

30 1969 31 1972 η
87 1925 249 1992 Quod
286 1924 318 1977 fi
355 1962 367 1983 ,
407 1941 462 1977 ut
494 1924 554 1976 ad
593 1942 706 1977 mea
750 1924 948 1977 redeam
976 1963 989 1985 ,
1033 1928 1082 1975 in
1121 1930 1311 1994 campis
1356 1923 1532 1992 apertis
1576 1934 1704 1970 terra

29 2008 31 2027 ⁴
86 1997 283 2054 tantum
315 1999 517 2050 mollior
557 1995 932 2068 depreffiorque
970 1999 1131 2049 eversa
1162 1996 1393 2048 credatur
1419 2032 1433 2053 ,
1472 1997 1521 2045 δε
1568 2007 1700 2042 nova

30 2098 31 2101 ¹
82 2074 300 2127 collium
337 2071 482 2125 strata
514 2069 751 2124 formasse
777 2110 790 2131 ,
830 2073 1103 2142 quomodo
1134 2070 1196 2122 ad
1227 2069 1426 2121 easdem
1470 2067 1702 2118 seciiones

28 2149 29 2182 ³
82 2151 132 2201 in
161 2149 311 2199 antris
337 2143 531 2198 excelsis
564 2147 617 2198 &
639 2146 783 2198 saxeo
808 2164 961 2201 muro
991 2144 1160 2197 cinClis
1182 2139 1464 2197 sternendas
1494 2154 1700 2210 gravem

95 2222 294 2274 mineris
308 2233 493 2271 terram
507 2221 658 2290 aequis
676 2218 896 2290 partibus
911 2228 959 2272 in
976 2218 1150 2271 locum
1167 2234 1269 2270 tam
1284 2215 1545 2269 sublimem
1559 2227 1700 2263 extu-

80 2293 163 2347 lit?
187 2291 314 2352 &AE
335 2293 642 2352 extulit,cur
657 2310 834 2348 vacuas
848 2294 1052 2363 reliquit
1068 2292 1176 2343 alias
1201 2292 1404 2342 minoris
1453 2302 1539 2339 aut
1571 2290 1701 2346 eius-

25 2369 27 2422 ]
81 2368 202 2420 dem
217 2364 484 2419 altitudinis
511 2383 742 2419 cavernas
759 2404 770 2425 ‚
791 2370 961 2439 quales
986 2368 1097 2419 sunt
1117 2367 1219 2418 aliae
1247 2362 1419 2415 steriles
1437 2399 1449 2421 ‚
1467 2363 1517 2412 δε
1545 2357 1701 2429 qualis

25 2453 27 2511 j
82 2442 150 2494 est
175 2444 332 2492 vicina
354 2442 495 2497 huic,
518 2442 789 2510 patulaque
822 2434 884 2492 ex
915 2440 1060 2492 altera
1087 2436 1315 2508 opposita
1346 2452 1482 2505 parte
1510 2431 1698 2501 spelun-

26 2519 27 2529 ’
81 2512 369 2571 ca‚filicibus
395 2517 747 2583 pavimentata.
821 2513 1054 2566 Tandem
1084 2511 1116 2562 fi
1153 2513 1367 2562 vortices
1403 2503 1698 2559 subterranei

24 2606 25 2610 ¹
82 2606 186 2639 non
212 2601 489 2657 potuerunt
513 2601 709 2638 tantum
748 2606 996 2659 aquarum
1027 2588 1253 2636 emittere
1295 2620 1307 2642 ,
1354 2595 1548 2650 quanto
1598 2591 1702 2627 erat

83 2678 212 2727 opus
236 2659 300 2712 ad
326 2659 667 2712 inundantiam
695 2661 1002 2730 superficiem
1030 2659 1328 2728 Sphaeticam
1344 2652 1606 2707 altitudinis
1627 2666 1700 2772 ἒς.

937 2735 973 2782 Y
1015 2751 1050 2798 4
1560 2741 1622 2776 cu
1662 2729 1699 2771 ἰ-
