1882 3094
825 197 923 253 ³37

214 302 442 360 Sufficiat
467 303 541 357 his
567 304 838 373 probandis
863 309 1070 363 unicum
1092 308 1303 382 &quod
1327 315 1565 366 omnium
1590 333 1699 370 ma·

68 377 206 434 xime
230 396 415 451 corpus
431 378 820 448 Elephantinum
843 384 1042 435 mentiri
1063 383 1228 436 nostra
1250 402 1393 439 aetate
1417 388 1572 441 visum
1600 388 1694 449 est,

68 451 365 523 exemplum
389 455 439 504 in
462 450 652 506 onibus
673 456 731 503 A.
753 461 894 523 1685.
917 473 1078 524 prope
1104 458 1343 511 Tonnam
1372 463 1539 514 vicum
1556 497 1568 518 .
1607 466 1696 535 qui

0 527 2 536 ¹
67 527 139 579 est
180 531 231 579 iu
263 523 483 579 Sereniss.
509 529 664 579 Ducis
691 528 823 580 Saxo
845 556 867 567 ·
893 529 1120 584 Gothani
1154 531 1462 604 'l'huringica
1499 532 1694 591 ditione

0 602 1 623 ;
71 612 184 665 10}-
203 597 393 671 pedum
416 597 678 670 profundo
701 598 830 653 colle
845 598 1048 657 effossis.
1124 605 1179 655 ln
1206 605 1389 675 quibus
1414 607 1689 678 Elephanto

0 674 2 683 '
64 671 325 728 afferendis
350 675 517 725 minuc
539 672 748 744 operose
779 671 1051 729 desudasset
1085 691 1167 732 tot
1211 679 1393 749 scriptis
1418 678 1576 734 clarus
1598 685 1690 736 Po.

64 746 271 819 lybistor
296 745 582 804 Tenzelius,
607 744 640 798 ss
664 747 716 798 in
740 744 1073 801 delineatione
1099 785 1113 809 ,
1142 768 1298 822 quam
1327 752 1421 822 ipse
1437 754 1689 818 exhibuit.

0 829 4 885 ζ
64 819 344 874 attendisset
372 819 434 870 de
455 822 736 872 incurrente
764 822 812 871 in
849 820 1173 891 conspestum
1198 823 1365 893 pofitu
1394 830 1686 896 primorum

65 894 409 961 dentium,qui
422 892 659 944 abhorret
678 891 739 943 ab
755 892 1084 965 Elephantinis
1100 895 1188 961 (⁴⁶).
1204 914 1297 950 nec
1327 915 1445 951 cum
1464 902 1689 958 maxilla·

64 987 181 1022 rum
243 966 486 1018 struoura
531 969 788 1025 convenit,
923 969 1087 1023 Partes
1118 969 1401 1024 deficientes
1432 972 1689 1044 dispalatas

0 1051 2 1064 ¹
63 1061 171 1094 non
200 1041 307 1094 satis
332 1038 527 1092 videtur
568 1038 795 1092 excusare
839 1041 1040 1112 querela
1067 1078 1079 1101 .
1119 1042 1184 1095 de
1206 1042 1587 1102 distrahentium
1611 1053 1687 1104 in-

28 1176 29 1179 *
58 1114 200 1168 curia
220 1150 232 1170 .
258 1117 310 1165 ὅ(
338 1112 556 1165 instituta
580 1130 698 1164 cum
722 1111 908 1165 ossibus
933 1113 1127 1186 sepultis
1151 1120 1486 1187 comparatio
1547 1122 1683 1178 Nam

0 1210 1 1217 ¹
62 1189 188 1245 offa,
219 1186 250 1237 si
278 1186 463 1255 separat
522 1185 741 1255 putredo
773 1223 787 1245 ,
824 1203 935 1239 non
996 1187 1185 1243 divellit
1213 1227 1228 1252 ,
1260 1194 1481 1245 maxime
1505 1197 1555 1248 in
1581 1212 1684 1249 tam

0 1271 1 1279 ¹
27 1327 29 1331 Α
61 1259 336 1330 compacto
361 1258 496 1321 solo,
532 1258 677 1329 quale
708 1260 809 1311 hoc
840 1257 932 1319 est,
955 1261 1101 1330 quod
1136 1265 1385 1318 immotus
1408 1264 1682 1324 stratorum

0 1345 2 1353 '
59 1334 192 1388 ordo
227 1333 367 1388 secat.
474 1332 658 1403 Neque
694 1332 862 1385 deficit
895 1349 1009 1403 apta
1043 1333 1116 1386 his
1150 1333 1542 1395 formationibus
1581 1342 1679 1396 loci

59 1407 384 1469 constitutio;
426 1422 553 1458 terra
576 1405 830 1476 argillacea
853 1442 869 1465 ,
892 1408 940 1458 in
964 1424 1065 1478 qua
1094 1408 1282 1479 tophus
1309 1411 1361 1464 ὅ(
1387 1428 1558 1486 marga
1583 1415 1676 1470 sca·

59 1497 165 1538 tent
177 1518 191 1540 ‚
218 1481 410 1550 suisque
434 1478 679 1533 meatibus
698 1482 750 1534 &
766 1482 902 1533 venis
923 1478 1150 1534 radicum
1175 1480 1323 1536 instar
1340 1501 1678 1542 transcurren-

60 1557 189 1608 tibus
209 1553 432 1606 cochleas
445 1552 610 1608 ferunt
626 1571 771 1606 tantae
785 1556 934 1606 etiarn
949 1557 1212 1624 parvitatis,
1229 1573 1285 1608 ut
1296 1557 1473 1609 oculos
1487 1565 1675 1612 micro-

0 1651 4 1668 .
59 1629 232 1696 scopin
257 1643 361 1677 non
398 1629 618 1678 munitos
655 1626 858 1696 fugiant.
1020 1629 1477 1693 (Quemadmodum
1509 1636 1674 1688 noster
1710 1697 1717 1701 ,

0 1712 4 1720 ’
57 1699 505 1754 Vindobonnensis
532 1717 648 1770 ager
671 1699 993 1752 Lerchenfeld
1015 1702 1247 1772 quotidie
1270 1705 1594 1772 putrescentia
1620 1712 1674 1762 ὅ(

40 1776 349 1829 *renascentia
365 1773 458 1824 fert
483 1771 728 1824 conchilia
756 1775 957 1824 minuta.
1104 1775 1270 1828 Taceo
1309 1795 1522 1847 repertas
1551 1798 1672 1834 cum

0 1846 5 1881 ³
40 1852 154 1905 hoc
185 1852 343 1917 capite
379 1844 619 1898 informes
641 1846 753 1897 alias
787 1845 1076 1899 osteocollae
1096 1847 1306 1919 figuras,
1326 1868 1416 1901 nec
1445 1869 1550 1905 non
1587 1871 1668 1908 ca-

53 1927 262 1977 vitatem
295 1920 457 1972 dentis
481 1923 530 1972 in
556 1918 696 1972 nullo
725 1937 1069 1973 extremorum
1098 1926 1250 1990 aperti
1279 1957 1295 1982 .
1326 1941 1481 1993 quam
1507 1927 1666 1997 reple-

0 2004 5 2014 '
40 2000 124 2050 'vit
140 2012 307 2048 tamen
334 1997 495 2064 prima
520 1992 786 2063 argillaceae
807 2008 947 2045 terrae
979 2000 1211 2053 materia,
1245 1999 1539 2070 incorrupto
1571 2000 1666 2054 ele-

40 2072 261 2123 :mentari
289 2072 463 2137 vigore
484 2065 745 2119 excludens
766 2067 1036 2135 putredinis
1051 2068 1390 2137 suspicionem.

168 2146 300 2195 Huic
312 2159 498 2192 naturae
513 2156 752 2205 portento
769 2141 1064 2209 explicando
1081 2140 1301 2194 multum
1319 2142 1515 2198 confert
1529 2145 1664 2199 aliud

0 2214 5 2248 ἶ
42 2218 100 2269 ¹&
114 2220 272 2282 majus
300 2231 457 2283 prope
474 2211 823 2283 Scudgardiam
839 2213 1003 2265 nostra
1021 2213 1281 2267 detessum
1305 2234 1460 2270 aetate.
1537 2221 1665 2274 Sunt

49 2293 102 2344 in
135 2291 246 2340 Saxi
276 2287 630 2339 Canstadiensis
654 2303 807 2343 cavo,
832 2287 978 2354 quod
1003 2291 1083 2340 vix
1107 2291 1170 2341 C.
1195 2289 1427 2359 passuum
1453 2294 1664 2348 circuitu

0 2371 7 2380 '
43 2379 182 2432 patet
193 2381 253 2413 ex
270 2361 534 2429 eompaEia
555 2358 719 2430 argilla
733 2358 920 2413 effossa:
943 2361 1149 2414 millenae
1170 2363 1635 2421 cornuum,offium
1653 2403 1668 2427 ,

0 2444 7 2454 '
44 2435 359 2499 maxillarum
382 2452 539 2503 partes
551 2432 1003 2504 monstrosae,quas
1018 2452 1183 2505 neque
1206 2434 1268 2489 ad
1292 2439 1545 2507 gigantes,
1571 2456 1659 2490 ne-

0 2506 7 2539 ⁵
46 2526 144 2579 que
170 2507 231 2560 ad
265 2509 594 2577 Elephantos‚
618 2505 694 2557 vel
723 2509 1012 2560 animalium
1040 2508 1333 2561 nostrorum
1363 2513 1576 2561 maxima
1602 2512 1655 2562 li.

0 2561 9 2613 l
45 2597 118 2634 cet
135 2581 328 2633 referre.
402 2583 558 2633 Prout
582 2583 826 2650 cuiusque
851 2585 1068 2634 examini
1094 2584 1144 2633 in
1171 2583 1344 2635 Museo
1364 2586 1653 2639 Duc,Wur-

43 2653 259 2725 tenberg.
315 2653 423 2708 sunt
479 2651 749 2724 propofitae
806 2671 836 2707 a
884 2655 1018 2776 claYro
1079 2656 1152 2708 bis
1208 2653 1650 2781 perquisitiotgbus

1563 2748 1651 2792 ne,

129 2799 210 2861 (ἦ)
244 2804 314 2863 qui
335 2799 489 2847 sursum
511 2801 799 2853 incurvantur,
