1882 3094
883 162 994 220 3²4

285 252 407 306 Non
429 246 679 301 sufficiunt
707 241 793 296 ista
814 239 878 293 ad
919 236 1237 313 probandam
1261 238 1533 292 Coloniam
1575 241 1770 291 Roma-

163 343 298 386 nam,
324 322 411 375 nist
447 318 708 391 sepulturae
750 333 905 388 genus
930 352 944 373 ,
981 316 1012 385 (
1043 329 1161 367 utut
1203 311 1521 382 inscriptione
1569 311 1771 364 destitu-

166 415 281 455 tum
301 407 318 464 )
335 393 676 462 vasorumque
703 389 929 444 finanum
951 387 1120 439 forma
1148 384 1399 439 &modus
1421 399 1618 438 aetatem
1647 382 1774 435 indi-

163 487 342 530 carent.
415 464 851 533 Qandoquidem
877 461 1061 515 ossium
1075 459 1293 531 reliquiae
1315 475 1500 510 omnes
1525 474 1658 510 extra
1685 474 1771 508 va-

164 548 211 601 sa
251 543 417 600 fiania
458 558 577 595 cum
622 540 792 607 capitis
851 540 1040 607 integra
1081 549 1218 604 parte
1260 570 1275 594 ‚
1323 537 1340 594 (
1385 535 1466 585 cui
1517 529 1772 601 appositus

166 638 271 675 etat
301 614 540 690 gladius)
579 612 688 664 sunt
720 626 938 681 repertae.
1014 611 1086 662 Ut
1119 605 1312 659 constet
1352 642 1366 664 ,
1389 604 1626 660 cadavera
1669 620 1777 655 non

168 708 390 747 cremata
413 728 426 750 ,
456 687 535 742 sed
568 685 778 738 humata
811 683 950 736 fuiffe
971 719 984 741 ‚
1015 684 1218 753 Pagano
1258 677 1520 752 sepeliendi
1549 681 1663 738 ritu,
1683 678 1778 748 qui

168 766 386 822 demum
409 776 645 832 tempore
675 760 1059 812 Antoninorum
1086 752 1314 817 invaluit,

300 864 412 929 Jam
441 862 754 914 monimenta
777 859 948 908 omnia
977 853 1214 908 testantur
1240 887 1255 911 ,
1281 851 1382 924 ipsa
1404 851 1522 909 hae,
1553 854 1640 922 (δε
1666 853 1780 922 qui-
1846 912 1849 916 p

167 935 290 991 dem
332 939 402 989 Μ.
429 932 612 989 Aurelii
651 931 671 994 )
705 946 848 981 aetate
875 929 1124 1004 Legionem
1164 928 1210 979 X
1244 923 1498 983 Alaudam
1539 934 1556 983 (
1591 941 1822 998 cogno·,

168 1013 308 1065 mine
329 1008 476 1081 quod
499 1007 612 1059 alibi
636 1003 733 1056 fitae
758 1007 1002 1074 Legiones
1026 1039 1039 1060 ‚
1076 1018 1198 1055 cum
1238 1001 1312 1053 illa
1328 1033 1343 1056 ,
1365 1017 1574 1071 propter
1623 1000 1784 1070 galeas

172 1082 359 1137 alaudis
382 1083 592 1153 infignes
604 1114 617 1137 ,
634 1095 918 1132 commune
932 1075 1249 1140 habuerunt)
1266 1075 1404 1128 istam
1425 1077 1683 1144 regionem
1696 1087 1786 1123 oc·
1826 1069 1841 1096 ;

170 1157 386 1226 cupasse.
480 1153 755 1222 Postquam
789 1153 838 1202 in
876 1151 1049 1202 locum
1076 1151 1313 1220 Legionis
1340 1149 1464 1206 Xm.
1490 1146 1577 1200 sub
1607 1146 1782 1214 Traja-

172 1235 317 1285 noio
352 1231 561 1282 Daciam
588 1222 814 1278 dedussae
852 1222 944 1276 fuit
974 1222 1204 1274 restituta.

315 1330 440 1379 Haec
463 1323 708 1393 quoniam
748 1317 1042 1372 Germanica
1074 1317 1203 1370 dista
1235 1317 1329 1371 fuit
1351 1354 1365 1376 ‚
1387 1320 1608 1370 maxima
1648 1334 1784 1386 parte

171 1416 237 1452 ex
267 1401 527 1452 Germanis
552 1393 926 1448 constans,non
951 1391 1252 1446 Germanum
1275 1394 1469 1448 minus,
1492 1388 1648 1463 quam
1672 1393 1781 1446 Ro·
1827 1395 1849 1435 -‘

174 1488 390 1526 manum
416 1469 681 1520 militarem
708 1467 889 1518 Virum
930 1467 1106 1521 innuit.

291 1574 398 1646 Ipsa
430 1573 666 1627 vasorum
706 1568 935 1621 fiCtilium
972 1567 1140 1619 forma
1183 1568 1453 1637 amphoras
1502 1570 1555 1621 ὃς
1593 1582 1786 1639 pateras

175 1647 388 1702 referens
412 1647 565 1699 docet
592 1642 810 1703 ,ferculis
832 1677 846 1698 ,
878 1659 991 1712 quae
1014 1640 1289 1709 superstitio
1310 1644 1503 1713 Pagana
1525 1645 1577 1692 in
1604 1642 1786 1694 inferiis

176 1723 473 1793 apponebat
517 1755 532 1778 ,
577 1735 655 1770 eas
700 1715 958 1768 destinatas
988 1751 1001 1773 ,
1037 1713 1106 1768 ’δε
1178 1713 1385 1784 repletas
1431 1713 1571 1768 fuisse
1615 1720 1738 1768 vino
1763 1753 1784 1779 ,
1842 1765 1851 1769 -

177 1796 327 1868 quod
340 1793 575 1848 inferium
591 1788 850 1843 dicebatur
863 1827 878 1851 ,
890 1806 1101 1842 necnon
1116 1788 1242 1848 laste
1254 1790 1306 1841 «St
1319 1787 1554 1860 sanguine
1567 1804 1689 1844 cum
1706 1793 1780 1850 iis,
1825 1806 1829 1810 ’

176 1888 292 1942 quae
305 1887 365 1923 ex
387 1867 591 1922 vistima
615 1864 910 1934 supererant.

325 1965 539 2025 Nauius
567 1968 618 2018 in
635 1965 826 2018 maxilla
841 1968 1030 2037 integra
1052 1982 1156 2017 non
1176 1962 1244 2018 est
1261 1978 1509 2036 repertus,
1524 1981 1615 2018 nec
1627 1963 1786 2021 ullum

183 2057 399 2100 moneta:
421 2042 704 2112 vestigium.

1837 2615 1842 2627 ⁸
1833 2532 1853 2591 μὴ·
1835 2471 1853 2524 ’ῑ-’,τ
1835 2403 1853 2419 ἡ
1838 2383 1841 2387 -
1837 2323 1839 2326 <

1509 2682 1616 2766 M
1596 2680 1793 2791 yste-
