1882 3094
933 183 1047 240 340

195 319 263 356 tes
292 299 429 355 fluvii
454 295 614 366 prima
642 292 722 346 sua
741 290 1041 361 phylacteria
1070 292 1121 344 in
1150 294 1406 346 montium
1427 296 1553 363 jugis
1576 291 1802 346 debeant.
1853 284 1867 345 3

193 381 500 443 Quianquam
521 369 619 438 ipse
633 367 760 419 sacer
774 364 954 418 Codex
980 366 1188 420 doceat,
1206 366 1555 437 separatiS‚sedi
1626 395 1629 397 ·
1684 369 1804 418 tiin-

194 453 311 504 star,
350 462 461 515 quae
487 445 626 511 aquis
650 444 697 490 in
722 442 972 491 creatione
995 438 1298 498 innatabant,
1312 454 1452 492 terrae
1477 385 1730 492 eleffitis
1755 443 1806 491 δε
1830 429 1860 483 f·

196 515 501 594 congregatis
519 508 671 588 fimel
706 516 843 582 aquis
863 551 878 574 ,
907 528 1107 565 montes
1147 529 1260 565 ante
1291 513 1553 567 Diluvium
1580 512 1808 571 extitisse,
1860 500 1861 505 ¹

193 614 285 650 nec
313 607 480 643 novos
508 606 690 640 eorum
722 601 911 637 meatus
953 586 1299 638 subterraneos
1333 585 1362 639 a
1395 588 1599 640 summo
1637 605 1805 639 rerum
1854 620 1855 625 ,

198 667 463 719 conditore
491 659 766 731 produClos
797 658 891 711 ess'e
913 695 928 718 ,
963 658 1042 710 sed
1067 678 1152 729 per
1179 664 1644 716 continuationem,
1675 659 1807 732 [qua

197 744 299 795 fine
326 740 511 792 creatio
541 734 715 788 frustra
745 731 901 791 foret,
928 733 949 803 ]
971 747 1125 804 aquas
1144 735 1427 808 congregari
1451 772 1463 793 ,
1489 752 1729 804 tanquam
1758 734 1810 785 in
1852 740 1855 744 “

196 822 334 871 utre,
362 816 410 864 ὅ(
425 814 477 864 in
499 804 759 873 thelauris,
781 808 829 856 in
847 811 1105 858 montium
1129 810 1454 875 penetralibus
1466 808 1676 860 occultis
1695 821 1780 875 ‚po
1840 803 1843 807 ⁴

195 907 246 942 m
269 885 457 960 abyssos.
496 883 560 933 Ps
579 898 661 948 32.
686 898 800 950 quae
830 885 1038 950 quidem
1063 883 1113 931 in
1137 879 1329 934 diluvio
1369 881 1508 951 supra
1533 880 1810 933 naturalem

199 962 418 1013 modum
434 961 591 1027 ruptae
605 991 617 1011 ‚
631 969 687 1006 ut
712 953 859 1004 solitis
873 953 1023 1025 longe
1037 953 1250 1024 largiora
1268 957 1553 1007 emitterent
1571 954 1807 1012 flumina3

198 1035 276 1089 scd
308 1039 492 1086 iterum
517 1025 767 1093 clausaeita
789 1026 1015 1084 fuerunt,
1041 1029 1170 1079 Gen.
1202 1036 1244 1083 8.
1262 1045 1310 1084 2.
1342 1044 1398 1081 ut
1417 1045 1525 1079 non
1544 1025 1701 1079 solum
1720 1024 1811 1077 finr

200 1110 392 1161 idoneae
411 1122 495 1175 per
511 1102 717 1155 eosdem
731 1100 918 1153 canales
931 1099 1221 1170 recipiendis
1238 1104 1375 1171 aquis
1386 1100 1606 1153 euntibus
1620 1101 1688 1160 65
1699 1098 1807 1150 red·
1829 1153 1834 1156 ‚

200 1181 440 1240 cuntibus«
475 1194 518 1227 v.
559 1190 603 1237 3.
665 1172 855 1225 Verum
881 1177 1032 1226 etiam
1049 1173 1291 1228 servandis
1305 1170 1664 1245 certislegibus,
1691 1185 1810 1241 quas

201 1255 351 1313 Deus
362 1247 565 1323 ponebat
580 1247 811 1315 aquisme
830 1246 1088 1314 transirent
1108 1243 1235 1313 fines
1250 1246 1384 1311 suos,
1411 1248 1556 1297 Prov.
1586 1255 1628 1300 8.
1658 1263 1705 1297 v.
1728 1262 1807 1307 29.

203 1330 492 1400 quibusque
518 1326 566 1372 in
583 1322 832 1372 creatione
870 1318 1064 1388 abyssos
1091 1321 1304 1372 vallabat
1327 1337 1374 1374 v.
1399 1334 1482 1385 27.
1510 1322 1566 1371 ut
1583 1323 1809 1389 pertran-

198 1403 336 1472 seant
352 1400 475 1452 inter
491 1392 701 1446 medium
724 1391 957 1445 montium
987 1390 1057 1452 ἐς
1080 1392 1374 1447 emittantur
1405 1390 1457 1443 in
1480 1385 1810 1444 convallibus.

205 1477 273 1530 PC
299 1490 416 1543 103ἕ
450 1472 501 1521 &
531 1465 876 1533 receptaculis.
899 1484 926 1517 e
953 1465 1137 1536 quibus
1174 1469 1193 1537 [
1218 1484 1272 1520 ut
1297 1483 1353 1516 ea
1391 1464 1617 1515 describit
1655 1463 1813 1514 Eccle-

151 1602 164 1623 ἥ
205 1548 325 1604 fiast.
348 1563 390 1600 1.
414 1562 460 1608 7.
483 1541 501 1610 ]
528 1537 899 1604 omniaflumz'na
926 1538 1118 1592 intrant
1141 1539 1192 1594 in
1212 1554 1371 1597 mare,
1387 1541 1443 1590 ut
1469 1553 1600 1589 mare
1620 1551 1809 1588 nonre-

203 1623 411 1678 a'undet,
438 1629 582 1684 atque
605 1608 673 1666 ad
693 1608 871 1671 locum,
893 1607 1021 1664 unde
1037 1617 1246 1673 exeunt,
1275 1615 1613 1665 revertuntur
1639 1610 1708 1670 ἐς
1729 1613 1813 1663 ite·
1877 1605 1881 1613 '

198 1712 310 1753 rum
333 1690 524 1760 fluunt.
947 1744 954 1751 .

327 1768 415 1818 His
439 1777 545 1814 non
562 1763 758 1812 attentis
773 1758 806 1812 fl
821 1757 998 1811 succini
1023 1756 1186 1810 mollis
1205 1754 1447 1810 viscofitas
1463 1758 1658 1827 integris
1673 1752 1849 1806 arde··'

208 1843 284 1897 slae
305 1842 333 1893 s.
364 1834 537 1907 lapidis
551 1830 696 1886 fiffilis
728 1833 990 1885 montibus
1025 1831 1093 1884 est
1124 1829 1419 1902 adsignanda
1445 1867 1458 1888 ,
1497 1848 1553 1883 ut
1579 1831 1816 1898 recipien-

207 1918 310 1975 dis,
334 1927 560 1985 quorum
612 1906 781 1977 figuris
813 1921 1051 1958 notantur
1079 1943 1093 1965 ,
1121 1905 1328 1975 piscibus
1353 1942 1365 1959 .
1389 1903 1548 1956 herbis
1571 1940 1584 1961 ,
1613 1903 1818 1954 conchis

211 1992 307 2044 ἃς.
327 1985 480 2056 magis
509 1997 776 2053 aptentur3
813 1996 901 2031 cur
922 1978 1093 2049 figurae
1120 1979 1211 2029 bos
1233 1977 1414 2047 lapides
1439 1977 1560 2030 ultra
1590 1978 1814 2047 primum
1879 2018 1882 2021 Α

212 2060 495 2136 proplasma
516 2051 771 2107 interdum
798 2069 900 2105 tam
925 2053 1021 2104 alte
1049 2068 1306 2120 penetrant
1331 2088 1344 2111 ‚
1385 2067 1438 2102 ut
1472 2054 1613 2102 variae
1648 2048 1818 2100 festio-

213 2154 301 2191 nes
329 2130 523 2185 easdem
542 2124 800 2197 repetant?
841 2127 947 2178 Cur
969 2143 1145 2195 praeter
1176 2142 1328 2177 certas
1362 2126 1536 2194 species
1570 2127 1621 2175 ὅ(
1653 2121 1814 2172 faciles

215 2205 602 2263 Asteriscorum,
625 2198 1022 2256 ramusculorum
1049 2235 1062 2257 ,
1099 2198 1401 2251 circulorum
1425 2234 1438 2254 ‚
1477 2192 1822 2265 linearumque

213 2285 399 2355 figuras
423 2276 445 2349 [
469 2293 589 2347 quas
617 2273 813 2346 frigoris
849 2271 910 2326 sal
934 2272 1009 2325 vel
1046 2274 1093 2324 in
1125 2277 1238 2324 nive
1269 2270 1535 2323 siliciformi
1561 2273 1610 2321 δε
1635 2267 1819 2320 stellata
1865 2263 1882 2317 fi

216 2352 486 2420 monstrat]
512 2350 864 2420 plurima,quae
882 2342 1073 2399 diluvio
1087 2343 1412 2397 commodius
1431 2345 1538 2394 vehi
1562 2348 1611 2396 &
1636 2343 1820 2393 eleth-o
1865 2335 1882 2388 d3

216 2429 410 2484 retineri
434 2437 698 2495 poterant,
720 2421 826 2475 baec
845 2423 1159 2472 monimenta
1183 2417 1367 2487 lapidea
1394 2417 1680 2487 effugiunt?
1715 2416 1820 2466 Cur
1864 2427 1882 2479 g*

217 2522 314 2576 pro
335 2497 589 2557 marcidis,
612 2495 842 2550 tenuibus
864 2496 915 2547 &
934 2491 1088 2545 fluCtu
1115 2491 1254 2543 facile
1275 2488 1630 2559 complicandis
1647 2489 1816 2539 herba·
1863 2499 1882 2535 tt

219 2599 337 2634 ruz-n
358 2574 508 2630 foliis,
535 2572 683 2643 [quae
707 2585 843 2622 extra
869 2565 1021 2621 undas
1049 2584 1110 2617 ne
1135 2565 1255 2617 ficca
1284 2565 1488 2634 quidem
1516 2567 1563 2613 in
1588 2563 1820 2614 herbariis
1860 2560 1881 2607 ri

221 2657 343 2703 vivis
366 2647 650 2717 diligentior
672 2659 745 2696 ars
760 2640 923 2711 potest
950 2639 1014 2692 fic
1030 2638 1288 2707 explanare
1311 2674 1320 2691 ‚
1341 2656 1394 2689 ut
1417 2635 1650 2704 explicata
1674 2638 1724 2685 in
1751 2633 1816 2682 la·
1859 2626 1882 2683 bl

220 2728 418 2806 pidibus
451 2716 563 2775 ceta
593 2715 939 2790 liquidiotibus
966 2711 1265 2781 creduntur]
1295 2729 1399 2763 non
1434 2726 1687 2834 apparent:i
1711 2706 1826 2758 soli·
1859 2720 1882 2776 qt

1691 2795 1820 2832 tores
