1882 3094
967 208 986 244 ι
1030 197 1056 244 8

329 284 613 336 NOMEN
648 281 911 331 RERVM
939 208 1308 333 MZNSVRA
1334 287 1590 337 TVARV
1611 290 1676 337 M.

342 378 392 430 ln
443 379 521 434 16.
548 375 884 441 JOSEPHVS.
924 378 1082 446 Super
1115 380 1404 446 proximam
1441 397 1607 440 aram,
1632 378 1812 435 aeterni-2⁵

190 454 301 506 tatis
326 452 516 507 circulo
534 465 791 509 notatam,
815 449 1039 504 demittit
1067 449 1268 506 vitalem
1294 452 1598 524 lampadem,
1630 461 1814 529 quippe

188 525 454 582 collaterali
479 524 618 579 lineae
638 524 901 578 traditam:
1808 529 1811 533 ’

305 649 448 719 JAM
475 649 695 700 NOVA
728 646 1455 702 ROMVLE1SVMVNT
1486 654 1714 704 EXOR.

776 730 903 777 DIA
935 731 1222 779 FASCES.

1877 410 1882 478 1

337 846 486 899 Extra
508 839 647 894 hunc
694 837 929 892 ordinem
959 842 1202 910 primario
1227 840 1348 894 loco
1377 881 1395 906 ‚
1420 841 1469 893 in
1496 839 1667 895 medio
1705 862 1815 902 arcu

189 919 369 983 majori
399 914 756 985 exemplorum
791 915 1042 968 summam
1071 919 1120 965 in
1148 914 1476 985 Compendio
1493 915 1692 969 exhibet
1718 921 1824 973 Ro-

186 1007 350 1044 manae
392 987 560 1042 simili·
589 984 765 1056 statua
791 982 1054 1057 Equestris.
1083 989 1128 1038 S.
1159 988 1330 1041 Caesar.
1357 987 1824 1061 Majestatis‚publi-'

186 1080 300 1118 cam
325 1062 517 1135 ubique
538 1059 824 1115 felicitatem
853 1058 1124 1117 fundantis.

340 1137 619 1207 Imperator
651 1133 824 1187 dextra
847 1137 976 1207 gerit
1006 1133 1201 1203 lmperii
1226 1133 1443 1205 globum
1471 1153 1589 1188 cum
1635 1137 1828 1207 aquila.'

186 1209 441 1265 Phoenicis
471 1208 643 1267 instar,
665 1225 726 1260 ex
750 1207 969 1261 flammis
990 1207 1280 1261 renascente.
1385 1209 1520 1259 Cum
1546 1208 1703 1263 statua
1728 1212 1830 1274 hac¹

184 1283 410 1355 Equestri
431 1299 588 1337 unam
611 1279 750 1352 quasi
776 1283 1042 1333 marmoris
1072 1279 1280 1332 mass'am
1320 1280 1576 1340 efficiunt,
1604 1283 1705 1334 aliae
1733 1302 1822 1353 pe-

186 1356 371 1411 destres
404 1355 519 1411 duae
549 1357 794 1412 comites,
824 1353 933 1406 filio
958 1353 1028 1406 ob
1054 1354 1234 1405 oculos
1260 1371 1500 1423 ponentes
1533 1354 1642 1405 belli
1669 1342 1834 1424 pacis-l

187 1446 292 1501 que
311 1429 527 1504 gloriam
543 1462 560 1487 ,
583 1432 724 1495 cuius
746 1426 910 1480 fausto
934 1428 1106 1478 omine
1129 1425 1298 1477 vitales
1326 1430 1508 1495 primas
1529 1445 1666 1478 auras
1682 1447 1836 1501 carp-·

186 1503 267 1563 fle,
338 1499 603 1560 Praecedit.
625 1499 700 1553 ob
742 1501 875 1553 Pacis
911 1501 961 1551 in
993 1501 1095 1553 hoc
1126 1497 1374 1552 Themate
1409 1504 1822 1569 praerogativam,

186 1576 480 1632 Educatrix
513 1572 816 1632 Minerva,
839 1590 952 1644 quae
987 1567 1212 1643 deposita
1250 1571 1385 1624 hasta
1428 1575 1479 1626 ὅ(
1506 1573 1661 1644 aegide
1687 1579 1819 1629 Sere-

185 1649 448 1705 niffimum
474 1647 764 1701 Alumnum
787 1663 1042 1701 tenentem
1091 1645 1214 1698 oleae
1252 1663 1454 1699 ramum
1494 1645 1697 1701 brachiis
1712 1649 1818 1706 fert.

186 1724 275 1779 Ad
302 1721 541 1777 finistram
565 1719 735 1778 Mars
754 1718 1020 1796 gradivus
1057 1720 1347 1790 trophaeum
1386 1718 1574 1791 gestat;
1599 1735 1750 1794 atque
1773 1727 1819 1776 in
1840 1774 1841 1777 ,

187 1796 360 1860 scuto,
392 1794 782 1868 Anaglypticam
809 1794 1034 1865 fingente
1058 1793 1373 1859 caelaturam.
1398 1792 1513 1845 sistit
1535 1793 1818 1863 Themisto·
1840 1804 1844 1866 ζ

186 1872 347 1928 clem,
373 1872 454 1923 cui
483 1870 722 1922 somnum
744 1872 934 1922 excutit
957 1865 1189 1920 Miltiadis
1217 1871 1622 1926 monimentum,

331 1944 387 2003 In
414 1940 514 1997 bass
539 1941 607 1997 est
629 1942 831 2010 titulus,
865 1958 1060 1995 ceteros
1085 1945 1410 1997 continuans:
1843 1997 1847 2028 Ι

649 2118 668 2132 .
777 2087 952 2139 NON
995 2085 1362 2135 GENITOR
1399 2088 1708 2140 SOMNOS

629 2178 1431 2236 PERM1TT1T1NERTES.

340 2305 414 2359 Ut
435 2304 651 2376 reliquas
674 2304 855 2358 statuas
868 2301 1126 2356 deauratas
1173 2299 1341 2371 lychni
1367 2300 1494 2355 foris
1519 2300 1820 2367 illuminant}
1849 2277 1855 2358 ἶ

181 2378 251 2430 ita
265 2374 364 2431 sola
390 2377 495 2432 haec
516 2378 779 2450 [ignorum
810 2378 1068 2449 congeries
1097 2372 1297 2445 fulgore
1325 2376 1588 2443 perlucido
1609 2378 1819 2447 resplen·
1852 2383 1857 2401 ’

176 2452 413 2586 ggtaeum
437 2450 665 2509 dedicata
677 2452 1023 2526 lusctiptione.
1054 2445 1428 2522 cujuslapidem
1457 2450 1606 2508 refert
1619 2453 1819 2508 Sterco-

1546 2681 1817 2761 cAES.
