1882 3094
162 216 523 289 repraesentata.
594 212 742 265 Dum
768 213 859 265 tria
883 227 913 265 a
939 209 1099 266 tribus
1121 211 1266 261 conis
1284 204 1514 280 gestanda
1527 223 1627 262 ova
1640 206 1796 263 tribus

161 293 330 351 aureis
357 283 604 342 coronatis
632 280 805 340 Pomis
835 284 1192 340 cumulantur,
1214 280 1280 334 εό
1307 281 1464 338 sensu,
1503 297 1613 351 quo
1639 284 1689 334 in
1704 299 1796 340 nu.¹

161 367 414 419 crusmate,
440 378 492 414 et
516 353 607 413 tria
631 376 814 430 regua,
840 372 893 412 et
920 357 1043 410 Dea:
1078 372 1152 409 ter
1192 355 1402 407 victricis
1439 357 1651 424 proemia
1689 353 1776 410 effi
1801 352 1803 355 ⁴

166 444 330 495 ciunt,
357 451 471 506 pag.
520 462 540 474 -
582 463 604 475 ·
681 433 940 485 Parisensu
963 446 1218 484 conorum
1234 431 1427 500 primus
1452 429 1697 497 proponit
1701 425 1743 500 J
1745 435 1808 493 τις,

163 513 325 570 nonis.
351 509 666 581 Reginarum
693 507 920 578 Reginae,
946 503 1217 567 attributa,
1238 518 1363 556 cum
1375 499 1715 557 dedicatione:
1804 495 1810 571 ξ

654 652 920 717 JuNoNl
960 646 1303 702 vlchtci.

312 764 458 821 Alter
486 758 748 834 Sapientiae
780 760 944 816 Deam
966 760 1128 834 pingit
1147 777 1269 816 cum
1283 756 1634 817 dedicatione.-

609 919 972 968 MINERVAE
1023 913 1368 969 VICTRIC'I.

312 1009 514 1065 Tertius
537 988 772 1062 Dearum
788 1004 1129 1082 pulcherrimae
1154 1005 1416 1063 dedicatur
1438 1023 1458 1062 τ

654 1155 916 1214 VENERt
974 1159 1321 1217 vtcrmct.

322 1276 394 1328 Ut
427 1275 706 1325 innuatur:
745 1262 1071 1341 Elilizbetbam
1100 1267 1275 1321 laudes
1319 1269 1655 1325 maximarum
1692 1264 1828 1324 dea·>

173 1370 290 1407 rum
316 1366 422 1400 non
449 1343 613 1397 modo
642 1342 939 1412 complecti,
963 1341 1208 1395 sedetiam
1228 1342 1468 1414 superare.
1830 1389 1832 1396 ,

323 1415 870 1486 Obeliscisinterpofitae
892 1431 1118 1485 quatuor
1158 1418 1274 1467 Arae
1305 1415 1532 1469 ardentes
1569 1413 1749 1470 festivo
1770 1415 1832 1467 i·.

177 1515 303 1571 gne,
330 1499 544 1564 quatuor
567 1488 689 1543 anni
702 1494 921 1561 tempora
935 1491 1139 1540 muratis
1162 1492 1382 1559 encarpis
1400 1488 1700 1560 loquuntur.

323 1571 377 1621 In
401 1565 597 1625 Tectis,
623 1579 737 1634 quae
766 1579 944 1615 arcum
982 1561 1238 1620 ambiunt,
1282 1580 1332 1616 et
1363 1563 1495 1615 Circi
1530 1563 1811 1617 semicircu-
1834 1579 1849 1622 Q

179 1645 288 1699 lum
304 1641 542 1696 formant,
558 1636 835 1690 statuarum
849 1634 1184 1706 vasorumque
1194 1633 1572 1707 dispofitionem
1593 1634 1810 1691 reddunt
1835 1639 1837 1677 ἒ

178 1718 518 1772 amoeniorem
560 1710 743 1764 addita:
775 1744 791 1768 ,
842 1709 1027 1780 quibus
1076 1706 1218 1761 ardet
1242 1744 1256 1767 ,
1295 1708 1518 1764 flammae
1548 1713 1600 1765 δι
1621 1709 1806 1764 faculae.

328 1785 541 1843 Accedit
566 1790 668 1851 jam
693 1787 913 1836 narratio
940 1781 1003 1835 ad
1038 1782 1274 1838 ultimam
1295 1785 1427 1836 Circi
1450 1801 1500 1837 et
1527 1787 1723 1838 tertiam
1743 1783 1810 1837 fc·
1838 1787 1842 1836 '.

183 1864 437 1919 stivorum
460 1863 658 1931 ignium
686 1874 881 1930 partem
898 1893 911 1915 ,
933 1855 998 1909 ad
1028 1858 1322 1909 Meuianum
1363 1874 1485 1912 cum
1517 1857 1597 1910 sex
1619 1856 1813 1930 reliquis
1839 1838 1844 1927 ἱ

180 1935 459 1992 carceribus
489 1971 502 1992 ‚
534 1937 622 2003 qui
658 1932 736 1984 sex
767 1933 939 2000 primis
965 1928 1186 2001 oppofiti
1229 1929 1358 1983 sunt.
1433 1930 1560 1986 111ud
1595 1929 1814 1987 mediam
1841 1932 1846 1985 ἰ

180 2029 377 2084 partem
399 2007 658 2062 constituit
678 2010 729 2059 in
753 2005 920 2058 Palatii
947 2002 1071 2058 facie
1093 2006 1345 2058 anteriori.
1844 2002 1847 2036 ³

924 2143 1003 2195 111.

329 2254 398 2305 Ita
428 2264 485 2304 ut
510 2264 678 2321 pateat
709 2245 878 2300 Palatii
909 2242 1071 2297 aditus
1105 2246 1335 2317 quinque
1372 2245 1590 2301 arcubus
1624 2247 1815 2318 apertis,
1850 2231 1876 2311 'J

186 2327 360 2395 quiex
401 2323 516 2377 aedis
558 2321 807 2375 vestibulo
839 2319 1298 2388 cryptoporticum
1337 2319 1580 2380 efficiunt,
1657 2323 1745 2374 His
1768 2324 1815 2372 in
1852 2321 1870 2368 ἰ’

187 2398 435 2452 adstruffla
463 2400 677 2448 Meuiani
704 2395 827 2447 facie
854 2391 1109 2444 adduntur
1135 2398 1371 2464 utrinque
1395 2393 1529 2453 duo,
1551 2409 1610 2445 ut
1628 2392 1813 2463 septem

189 2472 281 2523 {int
316 2490 563 2532 numer03
597 2471 790 2522 Medius
830 2482 926 2535 pro
965 2466 1152 2530 Janua,
1189 2466 1366 2540 reliqui
1400 2466 1480 2520 sex
1514 2482 1612 2539 pro
1636 2470 1811 2522 Carce·
1856 2525 1857 2528 ,

191 2547 337 2598 ribus.

352 2620 407 2670 In
454 2614 628 2669 medio
665 2629 799 2666 extra
843 2628 1102 2667 carcerum
1148 2629 1424 2670 numerum
1464 2628 1585 2669 arcu
1626 2611 1816 2739 aditu‘m
1857 2625 1877 2686 Α,

1709 2703 1816 2741 in}-
1860 2697 1877 2721 =·
