1882 3094
860 191 958 252 325

72 300 171 390 M
154 297 431 414 ysteria
455 240 989 414 Dionysiorum
1019 302 1107 388 S.
1149 297 1559 421 Orgiorum
1586 295 1670 379 in

309 437 627 487 marmoreo
652 417 796 504 vase
821 420 1087 505 Antiquo
1116 419 1185 487 S.
1215 420 1288 483 C.
1318 430 1408 479 Er

637 508 733 573 CA
745 527 810 577 r.
863 512 1006 575 MA
1009 526 1059 585 J.

66 646 207 686 mu.
332 623 552 684 Ermini‚
586 623 654 676 dii
684 625 867 679 rurales
890 627 943 678 ὅ(
967 629 1225 679 vinearum
1254 615 1518 678 custodes,
1550 615 1671 671 culti

23 870 28 905 .’
138 870 166 906 2
178 886 187 898 ·

360 701 412 749 in
435 697 569 750 sacris
582 700 888 754 Bacchicum
901 701 1058 770 Priapi
1071 699 1291 752 obscenis
1316 729 1330 754 .
1345 711 1449 767 que
1467 691 1670 747 Baccho

359 788 651 828 excitantur.

352 841 558 918 Satyrus
583 843 755 898 dextra
789 862 928 901 tenet
952 862 1037 899 vas
1065 842 1095 916 (
1123 842 1193 915 ς)
1220 839 1522 896 destinatum
1545 835 1672 890 liba-

206 921 330 970 mini
357 921 408 970 in
432 936 515 970 ara
546 917 769 971 adstante
792 957 809 984 ,
846 937 1012 992 neque
1047 934 1216 971 tamen
1241 915 1421 970 babens
1447 912 1669 966 formam

212 995 290 1046 vel
303 994 516 1063 gutturis
531 993 608 1045 vel
631 991 953 1061 praefeticuli‚
981 991 1058 1046 vel
1087 989 1283 1060 simpuli
1307 1024 1321 1047 .
1344 984 1425 1040 sed
1448 978 1670 1049 carchefii

207 1066 236 1119 s.
289 1066 411 1118 illius
457 1064 771 1120 instrumenti
806 1103 828 1130 ,
890 1084 1001 1139 quo
1046 1065 1247 1117 Baccho
1291 1061 1472 1115 libatur
1520 1054 1670 1108 Teste

204 1141 295 1193 Vir
343 1157 357 1189 ι

296 1156 332 1210 g
698 1210 878 1265 Libans
909 1208 1154 1264 carchefia
1180 1206 1397 1262 Baccho,

355 1281 550 1339 Sinistra
594 1283 851 1354 pedonem
889 1284 979 1356 (4
1010 1283 1032 1354 )
1073 1282 1257 1336 fustem
1295 1283 1618 1334 incurvatum
1651 1283 1670 1336 ,·

206 1374 318 1429 quo
339 1358 384 1411 se
407 1358 626 1413 furentes
647 1358 1046 1430 bacchantesque
1070 1353 1398 1410 verberabant
1420 1368 1440 1421 ‚⁰
1470 1354 1525 1402 In
1554 1348 1665 1400 bra-

202 1434 319 1485 chio
358 1430 642 1493 Nebridem(
665 1449 687 1499 5
717 1435 747 1501 )
774 1431 824 1483 b.
848 1449 888 1484 e.
912 1430 1092 1504 pellem
1114 1419 1666 1495 hinnulinam,qualem

207 1523 302 1575 pro
339 1505 696 1559 bacchantium
730 1520 875 1556 more
917 1509 1172 1576 sequentes
1211 1514 1430 1572 portant.
1513 1499 1666 1549 Hune

204 1580 413 1649 agminis
437 1579 703 1631 dustotem
737 1576 965 1632 describit
1006 1575 1148 1629 Silius
1181 1576 1283 1629 Ital.
1319 1608 1343 1620 -
1378 1602 1397 1611 -
1434 1603 1453 1614 ·
1492 1597 1514 1609 ··
1550 1583 1667 1622 ante

203 1669 384 1704 omnes
411 1652 612 1704 nudior
637 1651 837 1702 honori.

401 1726 640 1777 Nominis
660 1719 875 1792 augusto
897 1722 1013 1775 libat
1036 1719 1293 1779 Carchefia
1322 1721 1436 1772 ritu.

134 1802 184 1858 6.
353 1802 473 1852 ,Ara
499 1796 693 1866 incensa
707 1811 828 1847 cum
851 1800 1078 1868 Encarpo
1108 1797 1322 1868 (7)qui
1350 1807 1459 1846 non
1483 1789 1580 1846 est·
1605 1799 1665 1844 ut'

204 1870 355 1932 solet,
378 1889 494 1940 pam
537 1874 733 1923 inaeeus
769 1870 845 1924 vel
873 1872 1188 1925 hederaceus.

139 1958 189 2007 3.
353 1942 483 2014 Orgi
523 1958 554 1996 a
607 1943 655 1994 h.
683 1961 723 1996 e.
763 1947 940 2000 Bacchi
976 1948 1121 1998 Sacra
1153 1941 1401 1995 celebrans
1423 1972 1438 1997 ,
1483 1931 1665 1992 nudus.

203 2033 261 2071 ut
286 2031 465 2069 omnes
499 2016 672 2068 Bacchi
707 2022 945 2078 comites,
981 2023 1098 2091 quia
1122 2021 1298 2072 vinum
1328 2011 1505 2067 omnia
1525 2006 1665 2060 dete·

198 2094 274 2162 git
296 2089 599 2159 revelatque.

329 2165 516 2215 Dextra
539 2163 667 2233 gerit
689 2159 996 2237 Thydrum(
1026 2185 1059 2235 9
1087 2164 1115 2235 )
1140 2159 1322 2215 sinistra
1356 2149 1610 2211 Nebridem
1639 2191 1662 2220 ,

198 2250 356 2304 prout
385 2239 581 2288 Statius.

316 2308 564 2362 Nebrides
586 2305 1067 2381 &fragiieinyrsos
1093 2324 1293 2376 portare
1317 2302 1534 2375 putastis.
1583 2301 1661 2358 Si-

194 2380 332 2437 lenus
356 2382 661 2434 temulentus
676 2382 892 2436 ostendit
905 2387 1047 2438 usum
1063 2381 1254 2450 Thyrsi,
1271 2395 1326 2432 ut
1342 2377 1426 2430 illo
1442 2373 1660 2428 titubans

194 2454 383 2524 gressus
410 2453 695 2507 sustineatur
716 2474 733 2518 3
757 2456 933 2509 sinistra
963 2457 1091 2522 fert,
1118 2454 1446 2509 summumiin
1489 2451 1660 2500 Bacchi

193 2527 335 2582 sasris
379 2527 706 2597 mysterium,
738 2524 938 2598 cistam,
975 2530 1005 2602 <
1045 2545 1105 2588 11
1141 2530 1168 2599 )
1208 2544 1301 2598 qua
1356 2518 1660 2578 clauduntur

178 2602 440 2675 strpentes,
455 2604 505 2653 in
522 2604 826 2654 memoriam
846 2605 1143 2673 serpentum,
1157 2605 1341 2671 quibus
1367 2600 1527 2650 Parcae
1542 2598 1660 2648 Bae-

191 2674 272 2727 cbi
289 2676 369 2727 vix
391 2677 495 2727 nati
522 2689 672 2745 caput
700 2677 959 2730 cinxerunt
996 2676 1217 2728 innoxie.

959 2790 1070 2856 X3
1584 2781 1662 2828 De
