<?xml version="1.0" encoding="UTF-8"?>
<!DOCTYPE html PUBLIC "-//W3C//DTD XHTML 1.0 Transitional//EN"
    "http://www.w3.org/TR/xhtml1/DTD/xhtml1-transitional.dtd">
<html xmlns="http://www.w3.org/1999/xhtml" xml:lang="en" lang="en">
 <head>
  <title>
</title>
<meta http-equiv="Content-Type" content="text/html;charset=utf-8" />
  <meta name='ocr-system' content='tesseract 3.04.00' />
  <meta name='ocr-capabilities' content='ocr_page ocr_carea ocr_par ocr_line ocrx_word'/>
</head>
<body>
  <div class='ocr_page' id='page_1' title='image "./sacraecaesmaicon00hera_0355.png"; bbox 0 0 1882 3094; ppageno 0'>
   <div class='ocr_carea' id='block_1_1' title="bbox 808 171 908 224">
    <p class='ocr_par' dir='ltr' id='par_1_1' title="bbox 808 171 908 224">
     <span class='ocr_line' id='line_1_1' title="bbox 808 171 908 224; baseline -0.02 0"><span class='ocrx_word' id='word_1_1' title='bbox 808 171 908 224; x_wconf 85' lang='lat'>329</span> 
     </span>
    </p>
   </div>
   <div class='ocr_carea' id='block_1_2' title="bbox 66 292 1659 405">
    <p class='ocr_par' dir='ltr' id='par_1_2' title="bbox 66 292 1659 405">
     <span class='ocr_line' id='line_1_2' title="bbox 66 292 1659 405; baseline -0.008 -23"><span class='ocrx_word' id='word_1_2' title='bbox 66 296 310 382; x_wconf 81' lang='lat' dir='ltr'>Hanc</span> <span class='ocrx_word' id='word_1_3' title='bbox 378 292 663 377; x_wconf 64' lang='lat' dir='ltr'>ordinis</span> <span class='ocrx_word' id='word_1_4' title='bbox 725 302 1114 405; x_wconf 77' lang='lat' dir='ltr'>expertem</span> <span class='ocrx_word' id='word_1_5' title='bbox 1170 293 1659 376; x_wconf 81' lang='lat' dir='ltr'>materiarum</span> 
     </span>
    </p>
   </div>
   <div class='ocr_carea' id='block_1_3' title="bbox 34 401 1662 919">
    <p class='ocr_par' dir='ltr' id='par_1_3' title="bbox 34 401 1662 785">
     <span class='ocr_line' id='line_1_3' title="bbox 34 401 1656 497; baseline -0.004 -19"><span class='ocrx_word' id='word_1_6' title='bbox 34 476 36 478; x_wconf 82' lang='grc'><strong>,</strong></span> <span class='ocrx_word' id='word_1_7' title='bbox 63 414 404 477; x_wconf 80' lang='lat' dir='ltr'>varietatem</span> <span class='ocrx_word' id='word_1_8' title='bbox 429 407 660 473; x_wconf 78' lang='lat' dir='ltr'>claudat</span> <span class='ocrx_word' id='word_1_9' title='bbox 683 403 1182 497; x_wconf 63' lang='lat' dir='ltr'>Diſjt&#39;ertatt&#39;uncula</span> <span class='ocrx_word' id='word_1_10' title='bbox 1224 408 1419 472; x_wconf 81' lang='lat' dir='ltr'>oblata</span> <span class='ocrx_word' id='word_1_11' title='bbox 1436 409 1473 467; x_wconf 93' lang='lat' dir='ltr'><em>I</em></span> <span class='ocrx_word' id='word_1_12' title='bbox 1475 401 1656 490; x_wconf 75' lang='lat' dir='ltr'>llustr.</span> 
     </span>
     <span class='ocr_line' id='line_1_4' title="bbox 61 489 1661 564; baseline -0.006 -12"><span class='ocrx_word' id='word_1_13' title='bbox 61 494 195 552; x_wconf 85' lang='lat' dir='ltr'><em>Gall.</em></span> <span class='ocrx_word' id='word_1_14' title='bbox 217 495 540 550; x_wconf 82' lang='lat' dir='ltr'>Scientiarum</span> <span class='ocrx_word' id='word_1_15' title='bbox 567 495 846 548; x_wconf 65' lang='lat' dir='ltr'>Academia</span> <span class='ocrx_word' id='word_1_16' title='bbox 869 513 888 564; x_wconf 82' lang='lat'>‚-</span> <span class='ocrx_word' id='word_1_17' title='bbox 926 493 1020 556; x_wconf 66' lang='grc' dir='ltr'>Εσ,</span> <span class='ocrx_word' id='word_1_18' title='bbox 1044 510 1102 548; x_wconf 86' lang='lat' dir='ltr'>ne</span> <span class='ocrx_word' id='word_1_19' title='bbox 1125 509 1228 547; x_wconf 88' lang='lat' dir='ltr'>cum</span> <span class='ocrx_word' id='word_1_20' title='bbox 1249 489 1413 563; x_wconf 85' lang='lat' dir='ltr'>nostra</span> <span class='ocrx_word' id='word_1_21' title='bbox 1439 491 1661 545; x_wconf 59' lang='lat' dir='ltr'>Naturae</span> 
     </span>
     <span class='ocr_line' id='line_1_5' title="bbox 63 562 1662 638; baseline -0.003 -16"><span class='ocrx_word' id='word_1_22' title='bbox 63 567 371 636; x_wconf 75' lang='lat' dir='ltr'>curiosorum</span> <span class='ocrx_word' id='word_1_23' title='bbox 393 563 664 620; x_wconf 81' lang='lat' dir='ltr'><em>Academia</em></span> <span class='ocrx_word' id='word_1_24' title='bbox 687 566 873 627; x_wconf 71' lang='lat' dir='ltr'>&amp;cum</span> <span class='ocrx_word' id='word_1_25' title='bbox 892 565 997 622; x_wconf 69' lang='lat' dir='ltr'>aliis</span> <span class='ocrx_word' id='word_1_26' title='bbox 1018 563 1144 621; x_wconf 73' lang='lat' dir='ltr'>banc</span> <span class='ocrx_word' id='word_1_27' title='bbox 1163 562 1562 638; x_wconf 74' lang='lat' dir='ltr'>qzeaestionemsua</span> <span class='ocrx_word' id='word_1_28' title='bbox 1585 563 1662 617; x_wconf 81' lang='lat' dir='ltr'>di-</span> 
     </span>
     <span class='ocr_line' id='line_1_6' title="bbox 48 634 1658 717; baseline -0.004 -21"><span class='ocrx_word' id='word_1_29' title='bbox 48 640 354 717; x_wconf 74' lang='lat' dir='ltr'><em>judicatione</em></span> <span class='ocrx_word' id='word_1_30' title='bbox 372 638 718 713; x_wconf 70' lang='lat' dir='ltr'>dignaturisfit</span> <span class='ocrx_word' id='word_1_31' title='bbox 730 644 1089 699; x_wconf 82' lang='lat' dir='ltr'>communicata,</span> <span class='ocrx_word' id='word_1_32' title='bbox 1102 639 1324 711; x_wconf 78' lang='lat' dir='ltr'>impedita</span> <span class='ocrx_word' id='word_1_33' title='bbox 1335 634 1477 710; x_wconf 65' lang='lat' dir='ltr'>forte</span> <span class='ocrx_word' id='word_1_34' title='bbox 1496 635 1658 690; x_wconf 85' lang='lat' dir='ltr'>Dire-</span> 
     </span>
     <span class='ocr_line' id='line_1_7' title="bbox 60 707 1661 785; baseline -0.006 -13"><span class='ocrx_word' id='word_1_35' title='bbox 60 710 205 772; x_wconf 68' lang='lat' dir='ltr'>Horis</span> <span class='ocrx_word' id='word_1_36' title='bbox 231 708 623 782; x_wconf 70' lang='lat' dir='ltr'>DoHiffimiViri</span> <span class='ocrx_word' id='word_1_37' title='bbox 642 711 717 767; x_wconf 91' lang='lat' dir='ltr'>D.</span> <span class='ocrx_word' id='word_1_38' title='bbox 736 711 972 767; x_wconf 86' lang='lat' dir='ltr'>Loclmeri</span> <span class='ocrx_word' id='word_1_39' title='bbox 992 712 1126 767; x_wconf 79' lang='lat' dir='ltr'>obitu</span> <span class='ocrx_word' id='word_1_40' title='bbox 1138 717 1455 785; x_wconf 53' lang='lat' dir='ltr'>praematuro.</span> <span class='ocrx_word' id='word_1_41' title='bbox 1517 707 1661 763; x_wconf 83' lang='lat' dir='ltr'>Nam</span> 
     </span>
    </p>

    <p class='ocr_par' dir='ltr' id='par_1_4' title="bbox 140 780 1576 919">
     <span class='ocr_line' id='line_1_8' title="bbox 140 780 1576 858; baseline -0.005 -14"><span class='ocrx_word' id='word_1_42' title='bbox 140 784 377 844; x_wconf 77' lang='lat' dir='ltr'>Virorum</span> <span class='ocrx_word' id='word_1_43' title='bbox 408 780 526 842; x_wconf 65' lang='lat' dir='ltr'>ben&amp;</span> <span class='ocrx_word' id='word_1_44' title='bbox 547 785 828 839; x_wconf 77' lang='lat' dir='ltr'>meritorum</span> <span class='ocrx_word' id='word_1_45' title='bbox 843 787 1000 858; x_wconf 78' lang='lat' dir='ltr'><em>funus</em></span> <span class='ocrx_word' id='word_1_46' title='bbox 1024 781 1160 839; x_wconf 87' lang='lat' dir='ltr'><em>nulla</em></span> <span class='ocrx_word' id='word_1_47' title='bbox 1179 801 1277 841; x_wconf 87' lang='lat' dir='ltr'>non</span> <span class='ocrx_word' id='word_1_48' title='bbox 1297 789 1440 842; x_wconf 72' lang='lat' dir='ltr'>etate</span> <span class='ocrx_word' id='word_1_49' title='bbox 1459 797 1576 838; x_wconf 86' lang='lat' dir='ltr'>cru-</span> 
     </span>
     <span class='ocr_line' id='line_1_9' title="bbox 534 854 1206 919; baseline -0.003 -8"><span class='ocrx_word' id='word_1_50' title='bbox 534 854 650 912; x_wconf 85' lang='lat' dir='ltr'>dum</span> <span class='ocrx_word' id='word_1_51' title='bbox 668 855 967 919; x_wconf 72' lang='lat' dir='ltr'>&amp;acerbum</span> <span class='ocrx_word' id='word_1_52' title='bbox 987 854 1206 913; x_wconf 76' lang='lat' dir='ltr'>habetur.</span> 
     </span>
    </p>
   </div>
   <div class='ocr_carea' id='block_1_4' title="bbox 12 1014 1661 2774">
    <p class='ocr_par' dir='ltr' id='par_1_5' title="bbox 261 1014 1660 1234">
     <span class='ocr_line' id='line_1_10' title="bbox 261 1014 1659 1077; baseline 0.001 -6"><span class='ocrx_word' id='word_1_53' title='bbox 261 1014 381 1071; x_wconf 92' lang='lat' dir='ltr'>Vod</span> <span class='ocrx_word' id='word_1_54' title='bbox 413 1019 525 1070; x_wconf 87' lang='lat' dir='ltr'>otio</span> <span class='ocrx_word' id='word_1_55' title='bbox 550 1016 808 1071; x_wconf 84' lang='lat' dir='ltr'>destitutus</span> <span class='ocrx_word' id='word_1_56' title='bbox 832 1055 846 1077; x_wconf 88' lang='lat'><strong>,</strong></span> <span class='ocrx_word' id='word_1_57' title='bbox 893 1017 955 1070; x_wconf 88' lang='lat' dir='ltr'>de</span> <span class='ocrx_word' id='word_1_58' title='bbox 988 1019 1189 1072; x_wconf 65' lang='lat' dir='ltr'>trafflata</span> <span class='ocrx_word' id='word_1_59' title='bbox 1220 1018 1385 1071; x_wconf 87' lang='lat' dir='ltr'>studiis</span> <span class='ocrx_word' id='word_1_60' title='bbox 1418 1021 1540 1071; x_wconf 86' lang='lat' dir='ltr'>meis</span> <span class='ocrx_word' id='word_1_61' title='bbox 1574 1020 1659 1073; x_wconf 87' lang='lat' dir='ltr'>ali·</span> 
     </span>
     <span class='ocr_line' id='line_1_11' title="bbox 296 1091 1657 1161; baseline 0.002 -18"><span class='ocrx_word' id='word_1_62' title='bbox 296 1108 385 1143; x_wconf 87' lang='lat' dir='ltr'>ena</span> <span class='ocrx_word' id='word_1_63' title='bbox 411 1091 679 1161; x_wconf 85' lang='lat' dir='ltr'>quaestione</span> <span class='ocrx_word' id='word_1_64' title='bbox 703 1092 1005 1144; x_wconf 79' lang='lat' dir='ltr'>accusatores</span> <span class='ocrx_word' id='word_1_65' title='bbox 1042 1111 1144 1144; x_wconf 86' lang='lat' dir='ltr'>non</span> <span class='ocrx_word' id='word_1_66' title='bbox 1184 1111 1348 1146; x_wconf 84' lang='lat' dir='ltr'>verear</span> <span class='ocrx_word' id='word_1_67' title='bbox 1373 1112 1389 1156; x_wconf 82' lang='lat'>3</span> <span class='ocrx_word' id='word_1_68' title='bbox 1442 1094 1545 1145; x_wconf 86' lang='lat' dir='ltr'>satis</span> <span class='ocrx_word' id='word_1_69' title='bbox 1575 1112 1657 1146; x_wconf 83' lang='lat' dir='ltr'>ex-</span> 
     </span>
     <span class='ocr_line' id='line_1_12' title="bbox 295 1162 1660 1234; baseline 0.004 -19"><span class='ocrx_word' id='word_1_70' title='bbox 295 1162 446 1217; x_wconf 85' lang='lat' dir='ltr'>cusari</span> <span class='ocrx_word' id='word_1_71' title='bbox 477 1165 647 1217; x_wconf 90' lang='lat' dir='ltr'>videor</span> <span class='ocrx_word' id='word_1_72' title='bbox 688 1162 791 1234; x_wconf 68' lang='lat' dir='ltr'>ipsa</span> <span class='ocrx_word' id='word_1_73' title='bbox 815 1164 1176 1234; x_wconf 77' lang='lat' dir='ltr'>perquisitionis</span> <span class='ocrx_word' id='word_1_74' title='bbox 1202 1201 1219 1225; x_wconf 91' lang='lat'>,</span> <span class='ocrx_word' id='word_1_75' title='bbox 1247 1183 1402 1233; x_wconf 82' lang='lat' dir='ltr'>quam</span> <span class='ocrx_word' id='word_1_76' title='bbox 1433 1166 1660 1225; x_wconf 86' lang='lat' dir='ltr'>instituo,</span> 
     </span>
    </p>

    <p class='ocr_par' dir='ltr' id='par_1_6' title="bbox 15 1205 1659 1316">
     <span class='ocr_line' id='line_1_13' title="bbox 15 1205 1659 1316; baseline 0.001 -26"><span class='ocrx_word' id='word_1_77' title='bbox 15 1205 27 1316; x_wconf 62' lang='lat' dir='ltr'>l</span> <span class='ocrx_word' id='word_1_78' title='bbox 53 1250 176 1290; x_wconf 85' lang='lat' dir='ltr'>cum</span> <span class='ocrx_word' id='word_1_79' title='bbox 194 1235 408 1288; x_wconf 84' lang='lat' dir='ltr'>Historia</span> <span class='ocrx_word' id='word_1_80' title='bbox 423 1237 792 1305; x_wconf 63' lang='lat' dir='ltr'>conjunctione.</span> <span class='ocrx_word' id='word_1_81' title='bbox 869 1241 916 1288; x_wconf 87' lang='lat' dir='ltr'>Si</span> <span class='ocrx_word' id='word_1_82' title='bbox 942 1256 1014 1290; x_wconf 90' lang='lat' dir='ltr'>res</span> <span class='ocrx_word' id='word_1_83' title='bbox 1039 1241 1107 1291; x_wconf 89' lang='lat' dir='ltr'>ita</span> <span class='ocrx_word' id='word_1_84' title='bbox 1135 1238 1178 1289; x_wconf 89' lang='lat' dir='ltr'>se</span> <span class='ocrx_word' id='word_1_85' title='bbox 1200 1239 1375 1302; x_wconf 87' lang='lat' dir='ltr'>habet,</span> <span class='ocrx_word' id='word_1_86' title='bbox 1403 1256 1458 1291; x_wconf 92' lang='lat' dir='ltr'>ut</span> <span class='ocrx_word' id='word_1_87' title='bbox 1489 1245 1659 1292; x_wconf 87' lang='lat' dir='ltr'>moni-</span> 
     </span>
    </p>

    <p class='ocr_par' dir='ltr' id='par_1_7' title="bbox 12 1310 1660 1382">
     <span class='ocr_line' id='line_1_14' title="bbox 12 1310 1660 1382; baseline 0.003 -21"><span class='ocrx_word' id='word_1_88' title='bbox 12 1320 222 1375; x_wconf 60' lang='lat' dir='ltr'>lmenta</span> <span class='ocrx_word' id='word_1_89' title='bbox 257 1310 516 1363; x_wconf 82' lang='lat' dir='ltr'>Diluviana</span> <span class='ocrx_word' id='word_1_90' title='bbox 541 1345 554 1367; x_wconf 88' lang='lat'><strong>.</strong></span> <span class='ocrx_word' id='word_1_91' title='bbox 588 1326 674 1363; x_wconf 89' lang='lat' dir='ltr'>aut</span> <span class='ocrx_word' id='word_1_92' title='bbox 703 1315 966 1382; x_wconf 84' lang='lat' dir='ltr'>gigantum</span> <span class='ocrx_word' id='word_1_93' title='bbox 990 1347 1003 1368; x_wconf 90' lang='lat'><strong>,</strong></span> <span class='ocrx_word' id='word_1_94' title='bbox 1043 1310 1325 1364; x_wconf 84' lang='lat' dir='ltr'>draconum</span> <span class='ocrx_word' id='word_1_95' title='bbox 1348 1348 1361 1368; x_wconf 92' lang='lat'>,</span> <span class='ocrx_word' id='word_1_96' title='bbox 1404 1313 1660 1366; x_wconf 87' lang='lat' dir='ltr'>monstro-</span> 
     </span>
    </p>

    <p class='ocr_par' dir='ltr' id='par_1_8' title="bbox 17 1379 1661 1456">
     <span class='ocr_line' id='line_1_15' title="bbox 52 1381 1661 1456; baseline 0.002 -20.936"><span class='ocrx_word' id='word_1_97' title='bbox 52 1398 203 1441; x_wconf 77' lang='lat' dir='ltr'>rum.</span> <span class='ocrx_word' id='word_1_98' title='bbox 250 1384 466 1453; x_wconf 84' lang='lat' dir='ltr'>reliquiae</span> <span class='ocrx_word' id='word_1_99' title='bbox 507 1383 601 1438; x_wconf 75' lang='lat' dir='ltr'>fiat</span> <span class='ocrx_word' id='word_1_100' title='bbox 636 1384 867 1456; x_wconf 84' lang='lat' dir='ltr'>quaedam</span> <span class='ocrx_word' id='word_1_101' title='bbox 903 1381 1085 1437; x_wconf 79' lang='lat' dir='ltr'>ossium</span> <span class='ocrx_word' id='word_1_102' title='bbox 1112 1421 1125 1443; x_wconf 86' lang='lat'><strong>,</strong></span> <span class='ocrx_word' id='word_1_103' title='bbox 1162 1385 1505 1437; x_wconf 85' lang='lat' dir='ltr'>vertebrarum</span> <span class='ocrx_word' id='word_1_104' title='bbox 1529 1423 1541 1445; x_wconf 90' lang='lat'><strong>,</strong></span> <span class='ocrx_word' id='word_1_105' title='bbox 1573 1405 1661 1438; x_wconf 93' lang='lat' dir='ltr'>co-</span> 
     </span>
    </p>

    <p class='ocr_par' dir='ltr' id='par_1_9' title="bbox 15 1454 1659 1524">
     <span class='ocr_line' id='line_1_16' title="bbox 15 1454 1659 1524; baseline 0.002 -15"><span class='ocrx_word' id='word_1_106' title='bbox 15 1454 27 1508; x_wconf 67' lang='lat' dir='ltr'>·&#39;l</span> <span class='ocrx_word' id='word_1_107' title='bbox 53 1454 277 1524; x_wconf 83' lang='lat' dir='ltr'>starum,</span> <span class='ocrx_word' id='word_1_108' title='bbox 310 1455 537 1509; x_wconf 90' lang='lat' dir='ltr'>dentium</span> <span class='ocrx_word' id='word_1_109' title='bbox 567 1493 583 1517; x_wconf 88' lang='lat'>,</span> <span class='ocrx_word' id='word_1_110' title='bbox 614 1456 927 1510; x_wconf 80' lang='lat' dir='ltr'>maxillarum</span> <span class='ocrx_word' id='word_1_111' title='bbox 954 1494 968 1515; x_wconf 93' lang='lat'><strong><em>,</em></strong></span> <span class='ocrx_word' id='word_1_112' title='bbox 993 1474 1097 1508; x_wconf 87' lang='lat' dir='ltr'>non</span> <span class='ocrx_word' id='word_1_113' title='bbox 1128 1456 1211 1508; x_wconf 86' lang='lat' dir='ltr'>nisi</span> <span class='ocrx_word' id='word_1_114' title='bbox 1241 1457 1399 1508; x_wconf 80' lang='lat' dir='ltr'>bestiis</span> <span class='ocrx_word' id='word_1_115' title='bbox 1419 1464 1659 1512; x_wconf 78' lang='lat' dir='ltr'>conveni-</span> 
     </span>
    </p>

    <p class='ocr_par' dir='ltr' id='par_1_10' title="bbox 15 1530 1660 1600">
     <span class='ocr_line' id='line_1_17' title="bbox 15 1530 1660 1600; baseline 0.002 -19"><span class='ocrx_word' id='word_1_116' title='bbox 15 1530 28 1584; x_wconf 62' lang='lat' dir='ltr'>i</span> <span class='ocrx_word' id='word_1_117' title='bbox 54 1531 247 1581; x_wconf 87' lang='lat' dir='ltr'>entium</span> <span class='ocrx_word' id='word_1_118' title='bbox 272 1533 807 1600; x_wconf 85' lang='lat' dir='ltr'>capitum‚cornuum‚</span> <span class='ocrx_word' id='word_1_119' title='bbox 833 1530 1113 1600; x_wconf 83' lang='lat' dir='ltr'>lingvarum</span> <span class='ocrx_word' id='word_1_120' title='bbox 1134 1566 1147 1588; x_wconf 87' lang='lat'>,</span> <span class='ocrx_word' id='word_1_121' title='bbox 1172 1530 1486 1581; x_wconf 80' lang='lat' dir='ltr'>concharum</span> <span class='ocrx_word' id='word_1_122' title='bbox 1504 1570 1517 1591; x_wconf 85' lang='lat'><strong>,</strong></span> <span class='ocrx_word' id='word_1_123' title='bbox 1548 1535 1660 1585; x_wconf 89' lang='lat' dir='ltr'>her-</span> 
     </span>
    </p>

    <p class='ocr_par' dir='ltr' id='par_1_11' title="bbox 15 1595 1656 1672">
     <span class='ocr_line' id='line_1_18' title="bbox 15 1595 1656 1672; baseline 0.002 -17"><span class='ocrx_word' id='word_1_124' title='bbox 15 1595 28 1664; x_wconf 67' lang='lat' dir='ltr'>&#39;t&#39;</span> <span class='ocrx_word' id='word_1_125' title='bbox 49 1600 260 1660; x_wconf 86' lang='lat' dir='ltr'>barum,</span> <span class='ocrx_word' id='word_1_126' title='bbox 275 1603 481 1671; x_wconf 83' lang='lat' dir='ltr'>piscium</span> <span class='ocrx_word' id='word_1_127' title='bbox 504 1606 802 1660; x_wconf 85' lang='lat' dir='ltr'>imitamina,</span> <span class='ocrx_word' id='word_1_128' title='bbox 818 1621 930 1672; x_wconf 86' lang='lat' dir='ltr'>quae</span> <span class='ocrx_word' id='word_1_129' title='bbox 953 1602 1125 1671; x_wconf 81' lang='lat' dir='ltr'>passim</span> <span class='ocrx_word' id='word_1_130' title='bbox 1143 1606 1445 1657; x_wconf 78' lang='lat' dir='ltr'>minerarum</span> <span class='ocrx_word' id='word_1_131' title='bbox 1468 1604 1656 1659; x_wconf 89' lang='lat' dir='ltr'>forma-</span> 
     </span>
    </p>

    <p class='ocr_par' dir='ltr' id='par_1_12' title="bbox 15 1666 1657 1745">
     <span class='ocr_line' id='line_1_19' title="bbox 15 1666 1657 1745; baseline 0.004 -20"><span class='ocrx_word' id='word_1_132' title='bbox 15 1666 27 1740; x_wconf 64' lang='grc' dir='ltr'>ξῖ</span> <span class='ocrx_word' id='word_1_133' title='bbox 49 1677 146 1728; x_wconf 85' lang='lat' dir='ltr'>trix</span> <span class='ocrx_word' id='word_1_134' title='bbox 165 1671 418 1745; x_wconf 85' lang='lat' dir='ltr'>dispofitio</span> <span class='ocrx_word' id='word_1_135' title='bbox 435 1711 448 1733; x_wconf 93' lang='lat'>,</span> <span class='ocrx_word' id='word_1_136' title='bbox 461 1676 537 1726; x_wconf 88' lang='lat' dir='ltr'>vel</span> <span class='ocrx_word' id='word_1_137' title='bbox 555 1679 603 1726; x_wconf 88' lang='lat' dir='ltr'>in</span> <span class='ocrx_word' id='word_1_138' title='bbox 618 1693 800 1745; x_wconf 82' lang='lat' dir='ltr'>margae</span> <span class='ocrx_word' id='word_1_139' title='bbox 829 1674 1067 1727; x_wconf 72' lang='lat' dir='ltr'>fenilibus</span> <span class='ocrx_word' id='word_1_140' title='bbox 1084 1675 1229 1727; x_wconf 85' lang='lat' dir='ltr'>solida</span> <span class='ocrx_word' id='word_1_141' title='bbox 1245 1713 1257 1734; x_wconf 92' lang='lat'>,</span> <span class='ocrx_word' id='word_1_142' title='bbox 1272 1678 1347 1729; x_wconf 90' lang='lat' dir='ltr'>vel</span> <span class='ocrx_word' id='word_1_143' title='bbox 1372 1682 1420 1728; x_wconf 87' lang='lat' dir='ltr'>in</span> <span class='ocrx_word' id='word_1_144' title='bbox 1439 1680 1657 1732; x_wconf 85' lang='lat' dir='ltr'>Alcalicis</span> 
     </span>
    </p>

    <p class='ocr_par' dir='ltr' id='par_1_13' title="bbox 15 1744 1658 1890">
     <span class='ocr_line' id='line_1_20' title="bbox 15 1744 1655 1819; baseline 0.004 -19"><span class='ocrx_word' id='word_1_145' title='bbox 15 1745 25 1807; x_wconf 66' lang='lat' dir='ltr'>i</span> <span class='ocrx_word' id='word_1_146' title='bbox 48 1744 294 1819; x_wconf 81' lang='lat' dir='ltr'>lapidibus</span> <span class='ocrx_word' id='word_1_147' title='bbox 307 1748 435 1818; x_wconf 70' lang='lat' dir='ltr'>pista</span> <span class='ocrx_word' id='word_1_148' title='bbox 450 1748 543 1799; x_wconf 87' lang='lat' dir='ltr'>seul</span> <span class='ocrx_word' id='word_1_149' title='bbox 550 1765 697 1818; x_wconf 85' lang='lat' dir='ltr'>prave</span> <span class='ocrx_word' id='word_1_150' title='bbox 713 1749 897 1815; x_wconf 85' lang='lat' dir='ltr'>praebet</span> <span class='ocrx_word' id='word_1_151' title='bbox 910 1747 1213 1810; x_wconf 79' lang='lat' dir='ltr'>effodienda,</span> <span class='ocrx_word' id='word_1_152' title='bbox 1239 1750 1327 1803; x_wconf 89' lang='lat' dir='ltr'>Ista</span> <span class='ocrx_word' id='word_1_153' title='bbox 1343 1750 1463 1803; x_wconf 76' lang='lat' dir='ltr'>vero</span> <span class='ocrx_word' id='word_1_154' title='bbox 1478 1752 1537 1804; x_wconf 88' lang='lat' dir='ltr'>ad</span> <span class='ocrx_word' id='word_1_155' title='bbox 1553 1753 1655 1806; x_wconf 90' lang='lat' dir='ltr'>suc-</span> 
     </span>
     <span class='ocr_line' id='line_1_21' title="bbox 50 1821 1658 1890; baseline 0.004 -18"><span class='ocrx_word' id='word_1_156' title='bbox 50 1837 231 1873; x_wconf 89' lang='lat' dir='ltr'>corum</span> <span class='ocrx_word' id='word_1_157' title='bbox 256 1822 594 1874; x_wconf 82' lang='lat' dir='ltr'>exhalantium</span> <span class='ocrx_word' id='word_1_158' title='bbox 622 1821 1005 1890; x_wconf 79' lang='lat' dir='ltr'>sulphureorum</span> <span class='ocrx_word' id='word_1_159' title='bbox 1022 1821 1314 1879; x_wconf 83' lang='lat' dir='ltr'>,salinorum</span> <span class='ocrx_word' id='word_1_160' title='bbox 1330 1826 1658 1878; x_wconf 86' lang='lat' dir='ltr'>acidorumvc</span> 
     </span>
    </p>

    <p class='ocr_par' dir='ltr' id='par_1_14' title="bbox 19 1892 1660 1968">
     <span class='ocr_line' id='line_1_22' title="bbox 19 1892 1660 1968; baseline 0.004 -24"><span class='ocrx_word' id='word_1_161' title='bbox 19 1953 29 1968; x_wconf 38' lang='lat' dir='ltr'>s</span> <span class='ocrx_word' id='word_1_162' title='bbox 50 1892 305 1965; x_wconf 87' lang='lat' dir='ltr'>plasticam</span> <span class='ocrx_word' id='word_1_163' title='bbox 332 1897 435 1946; x_wconf 86' lang='lat' dir='ltr'>vim</span> <span class='ocrx_word' id='word_1_164' title='bbox 456 1931 470 1953; x_wconf 92' lang='lat'>,</span> <span class='ocrx_word' id='word_1_165' title='bbox 508 1897 559 1947; x_wconf 74' lang='grc' dir='ltr'>ὅ(</span> <span class='ocrx_word' id='word_1_166' title='bbox 586 1892 650 1946; x_wconf 89' lang='lat' dir='ltr'>ad</span> <span class='ocrx_word' id='word_1_167' title='bbox 684 1897 847 1948; x_wconf 87' lang='lat' dir='ltr'>varios</span> <span class='ocrx_word' id='word_1_168' title='bbox 873 1911 1060 1947; x_wconf 76' lang='lat' dir='ltr'>natura:</span> <span class='ocrx_word' id='word_1_169' title='bbox 1082 1898 1131 1946; x_wconf 91' lang='lat' dir='ltr'>in</span> <span class='ocrx_word' id='word_1_170' title='bbox 1160 1895 1444 1949; x_wconf 90' lang='lat' dir='ltr'>Osteocolla</span> <span class='ocrx_word' id='word_1_171' title='bbox 1467 1901 1518 1951; x_wconf 85' lang='lat'>&amp;</span> <span class='ocrx_word' id='word_1_172' title='bbox 1540 1904 1660 1954; x_wconf 86' lang='lat' dir='ltr'>Vni-</span> 
     </span>
    </p>

    <p class='ocr_par' dir='ltr' id='par_1_15' title="bbox 27 1967 1657 2040">
     <span class='ocr_line' id='line_1_23' title="bbox 27 1967 1657 2040; baseline 0.006 -22"><span class='ocrx_word' id='word_1_173' title='bbox 27 1976 210 2019; x_wconf 85' lang='lat' dir='ltr'>&#39;cornu</span> <span class='ocrx_word' id='word_1_174' title='bbox 232 1967 377 2020; x_wconf 77' lang='lat' dir='ltr'>fofflli</span> <span class='ocrx_word' id='word_1_175' title='bbox 402 1967 536 2022; x_wconf 91' lang='lat' dir='ltr'>lusus</span> <span class='ocrx_word' id='word_1_176' title='bbox 558 1967 736 2020; x_wconf 88' lang='lat' dir='ltr'>referre</span> <span class='ocrx_word' id='word_1_177' title='bbox 756 1985 918 2039; x_wconf 88' lang='lat' dir='ltr'>quum</span> <span class='ocrx_word' id='word_1_178' title='bbox 940 1985 1050 2021; x_wconf 87' lang='lat' dir='ltr'>non</span> <span class='ocrx_word' id='word_1_179' title='bbox 1077 1967 1183 2021; x_wconf 87' lang='lat' dir='ltr'>satis</span> <span class='ocrx_word' id='word_1_180' title='bbox 1205 1970 1470 2040; x_wconf 84' lang='lat' dir='ltr'>prohibere</span> <span class='ocrx_word' id='word_1_181' title='bbox 1495 1974 1657 2027; x_wconf 84' lang='lat' dir='ltr'>videa-</span> 
     </span>
    </p>

    <p class='ocr_par' dir='ltr' id='par_1_16' title="bbox 53 2039 1658 2110">
     <span class='ocr_line' id='line_1_24' title="bbox 53 2039 1658 2110; baseline 0.005 -18"><span class='ocrx_word' id='word_1_182' title='bbox 53 2057 136 2093; x_wconf 85' lang='lat' dir='ltr'>tur</span> <span class='ocrx_word' id='word_1_183' title='bbox 179 2039 578 2094; x_wconf 70' lang='lat' dir='ltr'>dostiffimorum</span> <span class='ocrx_word' id='word_1_184' title='bbox 625 2039 950 2110; x_wconf 82' lang='lat' dir='ltr'>quorundam</span> <span class='ocrx_word' id='word_1_185' title='bbox 991 2043 1221 2095; x_wconf 90' lang='lat' dir='ltr'>virorum</span> <span class='ocrx_word' id='word_1_186' title='bbox 1244 2078 1258 2102; x_wconf 86' lang='lat'><strong>,</strong></span> <span class='ocrx_word' id='word_1_187' title='bbox 1291 2060 1349 2097; x_wconf 92' lang='lat' dir='ltr'>ut</span> <span class='ocrx_word' id='word_1_188' title='bbox 1387 2046 1658 2109; x_wconf 86' lang='lat' dir='ltr'>Valkeniri,</span> 
     </span>
    </p>

    <p class='ocr_par' dir='ltr' id='par_1_17' title="bbox 27 2111 1656 2187">
     <span class='ocr_line' id='line_1_25' title="bbox 27 2111 1656 2187; baseline 0.007 -23"><span class='ocrx_word' id='word_1_189' title='bbox 27 2111 389 2183; x_wconf 70' lang='lat' dir='ltr'>jWhodwordi</span> <span class='ocrx_word' id='word_1_190' title='bbox 414 2155 435 2182; x_wconf 88' lang='lat'>‚</span> <span class='ocrx_word' id='word_1_191' title='bbox 459 2114 780 2167; x_wconf 88' lang='lat' dir='ltr'>Scheuchzeri</span> <span class='ocrx_word' id='word_1_192' title='bbox 800 2153 816 2178; x_wconf 93' lang='lat'>,</span> <span class='ocrx_word' id='word_1_193' title='bbox 851 2113 943 2168; x_wconf 88' lang='lat' dir='ltr'>suis</span> <span class='ocrx_word' id='word_1_194' title='bbox 979 2112 1043 2167; x_wconf 90' lang='lat' dir='ltr'>de</span> <span class='ocrx_word' id='word_1_195' title='bbox 1081 2113 1275 2169; x_wconf 91' lang='lat' dir='ltr'>diluvio</span> <span class='ocrx_word' id='word_1_196' title='bbox 1299 2117 1656 2187; x_wconf 70' lang='lat' dir='ltr'>hypothesibus</span> 
     </span>
    </p>

    <p class='ocr_par' dir='ltr' id='par_1_18' title="bbox 27 2186 1655 2250">
     <span class='ocr_line' id='line_1_26' title="bbox 27 2186 1655 2250; baseline 0.006 -12"><span class='ocrx_word' id='word_1_197' title='bbox 27 2204 29 2230; x_wconf 52' lang='grc' dir='ltr'><strong><em>ὲ</em></strong></span> <span class='ocrx_word' id='word_1_198' title='bbox 50 2186 331 2240; x_wconf 86' lang='lat' dir='ltr'>faventium</span> <span class='ocrx_word' id='word_1_199' title='bbox 354 2187 621 2240; x_wconf 63' lang='lat' dir='ltr'>auctoritas</span> <span class='ocrx_word' id='word_1_200' title='bbox 645 2206 663 2250; x_wconf 82' lang='lat'>3</span> <span class='ocrx_word' id='word_1_201' title='bbox 700 2187 895 2241; x_wconf 88' lang='lat' dir='ltr'>dabunt</span> <span class='ocrx_word' id='word_1_202' title='bbox 917 2190 1114 2241; x_wconf 88' lang='lat' dir='ltr'>veniam</span> <span class='ocrx_word' id='word_1_203' title='bbox 1134 2223 1149 2246; x_wconf 85' lang='lat'><strong>,</strong></span> <span class='ocrx_word' id='word_1_204' title='bbox 1179 2187 1213 2241; x_wconf 84' lang='lat' dir='ltr'>fi</span> <span class='ocrx_word' id='word_1_205' title='bbox 1239 2187 1302 2241; x_wconf 89' lang='lat' dir='ltr'>de</span> <span class='ocrx_word' id='word_1_206' title='bbox 1324 2191 1397 2242; x_wconf 83' lang='lat' dir='ltr'>his</span> <span class='ocrx_word' id='word_1_207' title='bbox 1412 2228 1425 2249; x_wconf 94' lang='lat'>,</span> <span class='ocrx_word' id='word_1_208' title='bbox 1445 2210 1501 2245; x_wconf 83' lang='lat' dir='ltr'>ut</span> <span class='ocrx_word' id='word_1_209' title='bbox 1524 2194 1655 2248; x_wconf 83' lang='lat' dir='ltr'>secu-</span> 
     </span>
    </p>

    <p class='ocr_par' dir='ltr' id='par_1_19' title="bbox 27 2253 1657 2332">
     <span class='ocr_line' id='line_1_27' title="bbox 27 2253 1657 2332; baseline 0.006 -21"><span class='ocrx_word' id='word_1_210' title='bbox 27 2253 153 2323; x_wconf 66' lang='lat' dir='ltr'>Jrior</span> <span class='ocrx_word' id='word_1_211' title='bbox 177 2259 383 2325; x_wconf 90' lang='lat' dir='ltr'>reddar,</span> <span class='ocrx_word' id='word_1_212' title='bbox 407 2278 513 2314; x_wconf 91' lang='lat' dir='ltr'>non</span> <span class='ocrx_word' id='word_1_213' title='bbox 547 2259 610 2314; x_wconf 86' lang='lat' dir='ltr'>ad</span> <span class='ocrx_word' id='word_1_214' title='bbox 641 2262 800 2331; x_wconf 82' lang='lat' dir='ltr'>privas</span> <span class='ocrx_word' id='word_1_215' title='bbox 826 2259 1141 2332; x_wconf 76' lang='lat' dir='ltr'>singulorum</span> <span class='ocrx_word' id='word_1_216' title='bbox 1163 2265 1499 2332; x_wconf 86' lang='lat' dir='ltr'>opiniationes</span> <span class='ocrx_word' id='word_1_217' title='bbox 1523 2302 1537 2325; x_wconf 91' lang='lat'><strong>,</strong></span> <span class='ocrx_word' id='word_1_218' title='bbox 1577 2269 1657 2320; x_wconf 88' lang='lat' dir='ltr'>sed</span> 
     </span>
    </p>

    <p class='ocr_par' dir='ltr' id='par_1_20' title="bbox 35 2332 1648 2395">
     <span class='ocr_line' id='line_1_28' title="bbox 35 2332 1648 2395; baseline 0.007 -11"><span class='ocrx_word' id='word_1_219' title='bbox 35 2332 113 2384; x_wconf 80' lang='lat' dir='ltr'>ad</span> <span class='ocrx_word' id='word_1_220' title='bbox 138 2338 323 2387; x_wconf 89' lang='lat' dir='ltr'>curiata</span> <span class='ocrx_word' id='word_1_221' title='bbox 354 2338 404 2387; x_wconf 91' lang='lat' dir='ltr'>in</span> <span class='ocrx_word' id='word_1_222' title='bbox 437 2349 716 2386; x_wconf 89' lang='lat' dir='ltr'>commune</span> <span class='ocrx_word' id='word_1_223' title='bbox 744 2333 1109 2388; x_wconf 87' lang='lat' dir='ltr'>consulentium</span> <span class='ocrx_word' id='word_1_224' title='bbox 1141 2334 1528 2391; x_wconf 85' lang='lat' dir='ltr'>Academiarum</span> <span class='ocrx_word' id='word_1_225' title='bbox 1561 2342 1648 2395; x_wconf 91' lang='lat' dir='ltr'>suf·</span> 
     </span>
    </p>

    <p class='ocr_par' dir='ltr' id='par_1_21' title="bbox 36 2405 1652 2483">
     <span class='ocr_line' id='line_1_29' title="bbox 36 2405 1652 2483; baseline 0.006 -26"><span class='ocrx_word' id='word_1_226' title='bbox 36 2406 197 2477; x_wconf 50' lang='lat' dir='ltr'>¹fragia</span> <span class='ocrx_word' id='word_1_227' title='bbox 222 2424 519 2478; x_wconf 84' lang='lat' dir='ltr'>provocem.</span> <span class='ocrx_word' id='word_1_228' title='bbox 592 2405 713 2460; x_wconf 81' lang='lat' dir='ltr'>Sero</span> <span class='ocrx_word' id='word_1_229' title='bbox 735 2407 1241 2479; x_wconf 84' lang='lat' dir='ltr'>quidem,postquam</span> <span class='ocrx_word' id='word_1_230' title='bbox 1256 2410 1548 2483; x_wconf 86' lang='lat' dir='ltr'>ubicunque</span> <span class='ocrx_word' id='word_1_231' title='bbox 1561 2420 1652 2466; x_wconf 87' lang='lat' dir='ltr'>mi-</span> 
     </span>
    </p>

    <p class='ocr_par' dir='ltr' id='par_1_22' title="bbox 49 2479 1653 2554">
     <span class='ocr_line' id='line_1_30' title="bbox 49 2479 1653 2554; baseline 0.007 -24"><span class='ocrx_word' id='word_1_232' title='bbox 49 2480 220 2531; x_wconf 81' lang='lat' dir='ltr'>neralis</span> <span class='ocrx_word' id='word_1_233' title='bbox 250 2481 573 2550; x_wconf 78' lang='lat' dir='ltr'>vegetationis</span> <span class='ocrx_word' id='word_1_234' title='bbox 606 2479 840 2535; x_wconf 85' lang='lat' dir='ltr'>foecunda</span> <span class='ocrx_word' id='word_1_235' title='bbox 871 2481 940 2534; x_wconf 88' lang='lat' dir='ltr'>est</span> <span class='ocrx_word' id='word_1_236' title='bbox 971 2497 1098 2533; x_wconf 85' lang='lat' dir='ltr'>terra</span> <span class='ocrx_word' id='word_1_237' title='bbox 1117 2516 1132 2540; x_wconf 87' lang='lat'>,</span> <span class='ocrx_word' id='word_1_238' title='bbox 1156 2482 1233 2534; x_wconf 90' lang='lat' dir='ltr'>vel</span> <span class='ocrx_word' id='word_1_239' title='bbox 1265 2489 1544 2554; x_wconf 82' lang='lat' dir='ltr'>generantis</span> <span class='ocrx_word' id='word_1_240' title='bbox 1578 2492 1653 2542; x_wconf 78' lang='lat' dir='ltr'>vel</span> 
     </span>
    </p>

    <p class='ocr_par' dir='ltr' id='par_1_23' title="bbox 48 2553 1654 2774">
     <span class='ocr_line' id='line_1_31' title="bbox 50 2553 1632 2628; baseline 0.006 -25"><span class='ocrx_word' id='word_1_241' title='bbox 50 2553 481 2613; x_wconf 73' lang='lat' dir='ltr'>servantisnaturae</span> <span class='ocrx_word' id='word_1_242' title='bbox 506 2553 742 2608; x_wconf 83' lang='lat' dir='ltr'>miracula</span> <span class='ocrx_word' id='word_1_243' title='bbox 767 2554 1099 2625; x_wconf 64' lang='lat' dir='ltr'>spefiatorum</span> <span class='ocrx_word' id='word_1_244' title='bbox 1125 2558 1270 2609; x_wconf 84' lang='lat' dir='ltr'>toties</span> <span class='ocrx_word' id='word_1_245' title='bbox 1291 2556 1548 2628; x_wconf 87' lang='lat' dir='ltr'>stuporem</span> <span class='ocrx_word' id='word_1_246' title='bbox 1572 2581 1632 2613; x_wconf 85' lang='lat' dir='ltr'>ex</span> 
     </span>
     <span class='ocr_line' id='line_1_32' title="bbox 51 2625 1654 2706; baseline 0.003 -28"><span class='ocrx_word' id='word_1_247' title='bbox 51 2629 279 2683; x_wconf 86' lang='lat' dir='ltr'>citarunt.</span> <span class='ocrx_word' id='word_1_248' title='bbox 352 2630 442 2680; x_wconf 87' lang='lat' dir='ltr'>Rei</span> <span class='ocrx_word' id='word_1_249' title='bbox 466 2625 678 2697; x_wconf 90' lang='lat' dir='ltr'>proinde</span> <span class='ocrx_word' id='word_1_250' title='bbox 700 2644 807 2680; x_wconf 90' lang='lat' dir='ltr'>non</span> <span class='ocrx_word' id='word_1_251' title='bbox 829 2646 978 2681; x_wconf 85' lang='lat' dir='ltr'>novae</span> <span class='ocrx_word' id='word_1_252' title='bbox 1002 2631 1197 2681; x_wconf 86' lang='lat' dir='ltr'>veniam</span> <span class='ocrx_word' id='word_1_253' title='bbox 1224 2628 1474 2700; x_wconf 87' lang='lat' dir='ltr'>deprecari</span> <span class='ocrx_word' id='word_1_254' title='bbox 1499 2641 1654 2706; x_wconf 66' lang='lat' dir='ltr'>magi.-</span> 
     </span>
     <span class='ocr_line' id='line_1_33' title="bbox 48 2699 1628 2774; baseline 0.005 -22"><span class='ocrx_word' id='word_1_255' title='bbox 48 2716 281 2770; x_wconf 76' lang='lat' dir='ltr'>cogerer‚</span> <span class='ocrx_word' id='word_1_256' title='bbox 303 2699 338 2753; x_wconf 85' lang='lat' dir='ltr'><strong>fi</strong></span> <span class='ocrx_word' id='word_1_257' title='bbox 354 2717 604 2774; x_wconf 79' lang='lat' dir='ltr'>quantum</span> <span class='ocrx_word' id='word_1_258' title='bbox 621 2699 690 2754; x_wconf 88' lang='lat' dir='ltr'>est</span> <span class='ocrx_word' id='word_1_259' title='bbox 704 2718 809 2755; x_wconf 88' lang='lat' dir='ltr'>non</span> <span class='ocrx_word' id='word_1_260' title='bbox 830 2719 967 2758; x_wconf 83' lang='lat' dir='ltr'>nova</span> <span class='ocrx_word' id='word_1_261' title='bbox 980 2738 992 2758; x_wconf 86' lang='lat'>‚</span> <span class='ocrx_word' id='word_1_262' title='bbox 1024 2718 1224 2756; x_wconf 86' lang='lat' dir='ltr'>tantum</span> <span class='ocrx_word' id='word_1_263' title='bbox 1243 2707 1391 2757; x_wconf 84' lang='lat' dir='ltr'>etiam</span> <span class='ocrx_word' id='word_1_264' title='bbox 1415 2705 1530 2760; x_wconf 83' lang='lat' dir='ltr'>esset</span> <span class='ocrx_word' id='word_1_265' title='bbox 1550 2726 1628 2760; x_wconf 87' lang='lat' dir='ltr'>cer</span> 
     </span>
    </p>
   </div>
   <div class='ocr_carea' id='block_1_5' title="bbox 980 2775 1652 2845">
    <p class='ocr_par' dir='ltr' id='par_1_24' title="bbox 980 2775 1652 2845">
     <span class='ocr_line' id='line_1_34' title="bbox 980 2775 1652 2845; baseline -0.001 -9"><span class='ocrx_word' id='word_1_266' title='bbox 980 2775 1027 2827; x_wconf 82' lang='lat' dir='ltr'>X</span> <span class='ocrx_word' id='word_1_267' title='bbox 1065 2791 1096 2845; x_wconf 86' lang='lat'>5</span> <span class='ocrx_word' id='word_1_268' title='bbox 1594 2787 1652 2836; x_wconf 86' lang='lat' dir='ltr'>tis</span> 
     </span>
    </p>
   </div>
   <div class='ocr_carea' id='block_1_6' title="bbox 0 0 33 1200">
    <p class='ocr_par' dir='ltr' id='par_1_25' title="bbox 0 0 33 1200">
     <span class='ocr_line' id='line_1_35' title="bbox 0 0 33 1200; baseline 0 0"><span class='ocrx_word' id='word_1_269' title='bbox 0 0 33 1200; x_wconf 95' lang='lat' dir='ltr'> </span> 
     </span>
    </p>
   </div>
   <div class='ocr_carea' id='block_1_7' title="bbox 10 1970 38 3094">
    <p class='ocr_par' dir='ltr' id='par_1_26' title="bbox 10 1970 38 3094">
     <span class='ocr_line' id='line_1_36' title="bbox 10 1970 38 3094; baseline 0 0"><span class='ocrx_word' id='word_1_270' title='bbox 10 1970 38 3094; x_wconf 95' lang='lat' dir='ltr'> </span> 
     </span>
    </p>
   </div>
  </div>
 </body>
</html>
