1882 3094
835 162 932 212 gir

148 260 207 300 to
230 244 450 298 conviCli
474 244 584 318 ipfis
610 244 847 311 Calendis¹
865 245 1143 306 Februarii,
1170 265 1284 318 quae
1320 247 1475 303 cultui
1511 252 1686 305 dirim

145 320 288 373 sacrae
325 336 461 371 erant
483 358 496 380 ,
531 337 620 390 per
655 319 789 372 ultro
827 319 1132 390 legationem
1169 322 1473 392 suscipientes
1510 326 1672 394 praefi-.-

143 394 253 445 stos
271 394 529 463 precibus,
558 392 766 446 consiliis
795 396 844 444 &
878 391 1115 462 promiss‘a
1151 394 1252 446 fide
1285 395 1464 450 instant
1490 416 1507 460 3
1549 403 1676 468 Regi

141 485 352 537 operam
391 471 440 518 ὅ(
465 467 772 520 securitatem
803 466 1046 535 spondent
1078 483 1264 520 tantam
1291 504 1303 524 ,
1338 488 1524 540 quanta
1548 490 1676 542 opus

140 541 279 599 foret
311 576 324 597 .
366 539 551 592 etiamsi
590 542 744 592 nollet
776 542 1010 592 Sultanus
1049 560 1067 603 3
1122 544 1356 607 jastantes
1400 545 1539 596 suam
1589 546 1671 615 ips]

136 615 433 684 Imperatori
462 615 743 667 timendam
769 616 1137 668 auetoritatem.
1213 619 1324 670 Rex
1345 654 1358 676 ,
1379 636 1441 670 ne
1456 619 1639 672 'furcas
1656 656 1667 677 ,

135 687 170 739 fi
195 687 364 739 fideles
400 687 552 741 effent
572 723 584 744 ‚
623 693 672 739 in
706 687 965 739 poloniam
1006 688 1274 748 ducendo,
1303 709 1391 743 aut
1413 710 1531 746 cum
1545 695 1664 744 Tar-

132 764 247 813 taris
269 759 1089 832 committendo‚eidemse‚quod
1114 780 1253 814 nune
1274 765 1496 824 instabat,
1539 770 1663 837 peri-

132 834 252 886 culo
275 870 288 890 ‚
331 840 529 888 minore
547 853 666 888 curn
691 836 847 905 gloria
869 871 881 893 .
921 853 1200 904 exponeret
1222 874 1236 895 ‚
1286 841 1338 889 &
1372 838 1517 909 quod
1554 847 1660 890 ma-

131 911 332 960 ximum
358 924 462 961 erat
480 947 496 973 ,
534 927 596 959 ne
623 909 858 961 seditione
880 925 1023 961 mota
1044 914 1118 976 jus
1147 909 1484 981 hospitalitatis
1508 913 1654 964 viola-

128 998 207 1032 ret
229 1018 242 1038 ,
290 1000 481 1053 magno
519 987 690 1032 animo
723 982 1002 1047 Janiffarios
1038 1000 1216 1035 monet
1249 1004 1261 1035 :
1315 983 1388 1038 [Ic
1427 987 1574 1060 mag&
1609 991 1664 1038 dp

126 1055 424 1126 Imperatori
443 1052 714 1125 praeliando
740 1053 955 1124 obsequio
991 1091 1005 1114 ‚
1045 1071 1190 1125 quam
1222 1061 1280 1109 de
1321 1057 1382 1113 Se
1406 1059 1659 1129 juvando

124 1130 413 1199 cogitarent.
489 1124 758 1196 Christiano
787 1129 917 1200 Rege
937 1127 1137 1199 dignum
1165 1127 1247 1194 effe
1266 1166 1278 1186 ‚
1308 1131 1478 1201 potius
1490 1139 1651 1185 extre-

120 1216 200 1252 ma
213 1200 328 1272 pati
352 1236 364 1256 ,
402 1215 547 1269 quam
568 1203 717 1254 viam
741 1207 933 1256 munire
955 1235 969 1257 ,
1012 1206 1066 1253 ut
1090 1218 1122 1253 a
1148 1199 1374 1255 Domino
1395 1203 1463 1257 ad
1504 1200 1652 1277 hospi-

119 1277 213 1326 tem
252 1270 517 1340 deficerent.
597 1272 712 1328 Nec
732 1276 821 1342 fibi
834 1271 888 1344 se
901 1272 1081 1330 tuendi,
1096 1289 1181 1326 nec
1202 1270 1293 1328 illis
1317 1279 1553 1347 imperata
1575 1280 1649 1343 fa.

27 1364 31 1392 ι
116 1343 302 1402 ciendi,
339 1344 616 1417 pottstatem
642 1347 792 1415 dffffi'·
874 1349 1047 1416 Iraque
1080 1348 1456 1410 Janissariorum
1485 1354 1555 1403 M.
1587 1355 1653 1412 D,

115 1435 236 1471 cum
265 1423 506 1489 Equitum
532 1422 588 1474 M
618 1422 686 1473 M.
712 1428 811 1485 jam
842 1419 1173 1471 Tartarorum
1199 1424 1263 1473 de
1286 1421 1437 1476 dubia
1457 1423 1558 1475 fide
1572 1444 1650 1477 ex-

26 1508 30 1522 ³
113 1491 527 1562 probrationibus
575 1496 797 1546 cedentia
846 1493 1022 1557 junstis
1070 1494 1256 1546 viribus
1307 1499 1436 1548 circa
1470 1498 1647 1549 horam

25 1582 29 1593 ·
111 1567 214 1617 XII.
249 1573 514 1618 tormentis
538 1566 742 1619 duobus
768 1569 999 1618 maximis
1032 1569 1084 1619 &
1113 1566 1316 1621 duobus
1347 1569 1522 1622 mediis
1543 1590 1646 1622 non

25 1663 29 1669 ·
110 1639 323 1709 amplius
359 1640 586 1709 passuum
633 1643 784 1698 CCC,
837 1655 1013 1691 contra
1052 1639 1273 1694 domum
1311 1644 1517 1714 Regiam
1552 1644 1646 1695 fre-

24 1735 29 1743 ·
110 1730 323 1783 quenter
387 1712 598 1782 explosis
650 1730 902 1782 impetum
958 1711 1164 1766 faciunt.
1293 1718 1644 1777 concurritur,

24 1822 28 1828 -
111 1789 466 1838 Committitur
493 1784 746 1856 proelium.
820 1787 1014 1856 Regem
1037 1786 1309 1841 tuebantur
1326 1806 1643 1843 armatorum

107 1863 392 1931 quingenti,
415 1865 551 1920 (non
574 1876 902 1911 numerantur
936 1862 1070 1911 enim
1093 1860 1290 1913 feminae
1312 1897 1325 1918 ‚
1365 1866 1418 1915 ὅ(
1465 1863 1643 1915 imbel-

21 1963 26 1974 ·
104 1932 172 1984 les
195 1970 208 1992 ‚
246 1949 410 2003 neque
444 1935 547 1986 CC.
572 1931 749 1984 Milites
768 1968 781 1990 ‚
819 1934 907 2004 qui
933 1932 1274 1986 Silverhielmii
1303 1938 1354 1987 δε
1378 1937 1640 1990 Koskuldii

104 2006 262 2059 ductu
286 2007 517 2064 aberant,
544 2008 566 2073 )
601 2007 692 2057 suis
717 2005 837 2059 locis
862 2008 913 2057 δε
933 2041 947 2064 ,
996 2023 1092 2075 pro
1129 2012 1275 2059 omni
1311 2013 1593 2062 munitione
1617 2048 1629 2068 ‚

102 2082 152 2131 in
179 2083 380 2133 Domus
416 2082 582 2150 Regiae
618 2079 834 2132 fenestris
869 2078 1102 2148 dispofiti.
1187 2084 1394 2134 Portam
1433 2084 1637 2136 Domus

101 2169 244 2223 cupae
266 2150 425 2224 gelata
446 2171 577 2224 aqua
605 2152 802 2223 repletae
829 2152 1091 2206 vallabant.
1167 2156 1289 2207 Satis
1320 2172 1471 2227 aequo
1496 2160 1622 2210 Mar-

19 2242 22 2251 ’
99 2242 148 2278 te
173 2228 494 2297 pugnabatur
522 2224 585 2279 ad
611 2226 793 2278 horam
823 2243 981 2297 usque
1008 2226 1273 2279 secundam
1301 2265 1314 2287 ,
1354 2248 1517 2299 quum
1537 2235 1632 2283 Re-

14 2311 16 2316 ’
92 2303 168 2371 gis
202 2318 363 2372 equus
402 2337 416 2358 ,
453 2303 702 2352 incertum
730 2317 837 2370 quo
873 2300 1011 2358 casu,
1048 2300 1317 2354 ecustodia
1339 2303 1522 2374 elapsus
1538 2305 1628 2356 {in-

17 2360 20 2390 ¹
91 2373 240 2444 gulos
265 2391 500 2445 quosque
522 2390 661 2425 metu
683 2390 768 2425 aut
790 2376 918 2442 capti
944 2390 1029 2425 aut
1056 2375 1201 2426 occifi
1231 2377 1377 2447 Regis
1410 2396 1626 2435 terrere-t,

17 2454 19 2457 '
90 2446 240 2498 Adeo
265 2465 319 2499 ut
343 2464 525 2499 omnes
550 2446 650 2498 fere
677 2444 745 2499 hd
775 2447 1082 2499 deditionem
1109 2464 1428 2519 urgerentur,
1468 2470 1627 2522 utque

89 2519 286 2572 Tartari
310 2521 396 2574 fibi
419 2539 505 2590 pet·
535 2519 762 2572 fenestras
789 2521 1006 2573 excubiis
1046 2517 1301 2574 derelictas
1339 2524 1532 2576 aditum
1573 2533 1620 2576 in

88 2595 310 2645 domum
346 2597 606 2664 aperirent.
696 2596 802 2645 Rex
834 2594 1180 2646 animadverso
1226 2599 1449 2665 periculo
1490 2597 1612 2648 festi-

85 2681 261 2718 nanter
285 2666 506 2721 domum
536 2682 733 2737 petens,
763 2671 813 2720 &
844 2673 892 2719 in
921 2668 1027 2737 ipso
1053 2666 1224 2721 limine
1249 2673 1591 2738 superinciden

905 2744 953 2791 v
988 2759 1024 2807 4
1490 2748 1616 2795 [ξω
