1882 3094
803 187 906 244 34¹

57 296 217 349 diores
245 298 450 348 exoticae
475 296 651 366 planta:
672 296 700 351 ζ)
738 299 841 350 Cur
867 305 960 367 pro
993 296 1147 348 ebore
1176 296 1453 366 fossili,pro
1467 301 1665 370 gravio-

51 370 188 422 ribus
217 374 557 421 monocerotis
592 370 828 422 cornibus
844 389 946 421 non
967 369 1112 441 gladii
1145 372 1278 439 piscis
1303 374 1452 421 Serrae
1482 387 1569 420 aut
1592 374 1667 421 Pi-

50 442 154 494 stris
178 476 192 498 ‚
230 441 510 510 torpedines
546 479 557 498 ‚
594 444 738 494 orbe-‘-
785 448 1005 496 n-›aricati
1027 479 1039 500 ‚
1068 443 1228 507 lacerti
1275 440 1556 513 squamosi,
1591 457 1663 494 te-

50 512 265 567 studines
302 519 394 567 &c.
431 515 446 566 ἓ
522 517 624 569 Cur
652 515 838 568 radices
860 517 984 568 foliis
1025 519 1440 586 incorruptiore3‚
1473 531 1528 568 ut
1557 514 1667 566 fue-

51 603 171 638 runt
231 588 398 640 dilutae
461 590 513 640 ὅ(
578 589 751 641 evulsae
799 624 812 647 .
856 588 1001 643 fimul
1069 607 1191 642 cum
1256 589 1419 641 herbis
1477 627 1495 652 ,
1560 603 1667 639 non

51 674 293 728 apparent
330 658 343 709 ?
383 663 488 713 Cur
523 677 761 729 apparent
797 662 954 713 multa
985 699 998 720 ,
1037 679 1148 730 quae
1199 679 1373 713 natura
1405 661 1543 712 nullo
1572 659 1669 710 alio

52 732 171 782 loco
209 730 425 784 ostendit
457 770 470 791 ,
512 735 724 804 exempli
771 739 923 804 gratia
969 737 1273 786 nautiiorum
1309 751 1486 805 genera
1523 737 1666 782 inco·

53 808 190 876 gnita
223 841 236 864 ,
276 819 363 857 aut
401 805 511 856 talia
549 844 563 866 ,
615 826 727 877 quae
763 826 822 858 ex
859 812 982 858 mari
1007 806 1181 858 Indico
1206 810 1254 857 in
1282 806 1507 858 nostrum
1541 823 1666 855 con-

55 883 295 930 tinentem
328 877 550 932 derivare
585 878 976 951 diligentissimus
1011 883 1062 931 δε
1104 879 1512 950 ingeniosissimus
1558 878 1666 930 reli·

54 954 288 1020 quiarum
315 950 692 1005 Diluvianarum
724 953 925 1006 affertor
949 953 1321 1006 Scheuchzerus
1349 968 1449 1003 tam
1487 969 1666 1020 parum

53 1021 201 1076 audet
219 1058 232 1081 .
250 1040 306 1078 ut
326 1029 495 1094 potius
525 1043 743 1079 recurrat
758 1027 821 1078 ad
837 1040 1087 1081 mutatam
1101 1044 1238 1079 terrae
1255 1025 1432 1078 faciem
1447 1031 1497 1081 ὅ(
1519 1041 1667 1075 mon-

53 1099 185 1149 tibus
219 1113 537 1150 commutata
581 1102 750 1151 maria.

168 1171 218 1221 Si
264 1185 451 1222 tantam
486 1170 848 1225 destruentium
883 1171 1134 1225 fluauum
1175 1169 1485 1241 rapiditatem
1520 1173 1669 1225 ferret

53 1260 179 1296 arcae
203 1240 425 1296 securitas
448 1282 464 1307 ,
495 1247 546 1297 δε
574 1244 822 1298 seminum
857 1244 922 1297 ad
953 1242 1297 1298 succedentem
1341 1262 1506 1295 rerum
1535 1262 1668 1297 crea·

57 1332 228 1370 tarum
261 1321 691 1370 continuationem
718 1336 822 1368 non
851 1316 1095 1370 turbanda
1116 1317 1426 1371 conservatio
1450 1335 1464 1378 3
1501 1320 1546 1368 Si
1573 1318 1669 1369 fer·

58 1406 134 1442 ret
149 1392 296 1441 etiam
318 1390 415 1460 ipsa
439 1389 609 1443 diluvii
636 1391 871 1449 Historia,
890 1409 1002 1461 quae
1025 1408 1137 1442 ante
1165 1390 1454 1441 exsiccatam
1479 1390 1673 1460 depres-

58 1462 240 1515 fiorem
257 1479 394 1515 terrae
411 1464 720 1532 superficiem
749 1468 797 1515 in
814 1481 989 1517 monte
1014 1461 1154 1516 undis
1182 1465 1364 1515 iterum
1381 1474 1670 1533 emergente

56 1536 254 1590 Noachi
275 1537 524 1590 columbae
548 1537 777 1608 relinquit
798 1555 999 1590 ramum
1022 1537 1166 1588 olivae
1181 1536 1452 1590 virentibus
1478 1537 1605 1588 foliis
1620 1539 1672 1589 &

56 1615 125 1663 ita
151 1608 356 1681 quidem
384 1627 608 1662 tenerum
626 1614 674 1662 ὅ(
693 1628 939 1662 recentem
956 1649 971 1670 ,
1001 1627 1056 1660 ut
1073 1609 1133 1659 ab
1160 1627 1249 1659 ave
1267 1613 1487 1676 potuerit
1503 1609 1671 1661 decer-

58 1688 125 1755 pi,
206 1683 345 1746 Qid
384 1683 702 1735 statuendum
737 1701 903 1733 tamen
930 1681 991 1732 de
1019 1699 1099 1734 tot
1125 1687 1376 1749 tantisque
1403 1681 1466 1733 ad
1501 1684 1672 1735 diluvii

60 1757 290 1826 reliquias
316 1773 422 1807 non
459 1755 720 1807 referendis
759 1756 773 1805 ?
816 1759 891 1806 De
925 1759 979 1806 iis
1002 1795 1022 1821 ,
1060 1772 1172 1826 quae
1194 1760 1505 1807 mentiuntur
1528 1771 1673 1807 natu-

0 1869 4 1881 .
60 1847 172 1883 ram
200 1830 214 1881 ἓ
255 1832 333 1880 De
363 1832 572 1881 Wormii
589 1830 796 1880 homine
823 1828 983 1880 filicco
1008 1829 1132 1886 Mus.
1159 1847 1209 1898 p.
1237 1837 1313 1886 82.
1398 1831 1476 1879 De
1491 1845 1673 1882 mona.

60 1904 167 1955 chis
199 1901 397 1972 lapideie
431 1903 668 1972 spelunca:
692 1901 1110 1959 Baumanniae,de
1126 1900 1676 1972 humanisleoninisque

62 1976 236 2047 figuris
264 1978 313 2026 in
337 1977 527 2046 Angliae
554 1993 761 2026 caverna
794 1974 921 2026 dicta
962 1975 1256 2033 Poolshole,
1295 1993 1450 2046 quam
1474 1976 1677 2027 exbibet

0 2087 9 2105 i
63 2048 346 2119 Car.Leigh
366 2053 415 2100 in
433 2048 645 2101 Historia
669 2050 877 2099 naturali
902 2048 1218 2111 Lancastriae,
1245 2047 1306 2101 de
1322 2051 1528 2101 humani
1559 2066 1675 2101 cor-

0 2179 1 2184 *
63 2125 200 2190 poris
232 2120 452 2192 partibus
472 2159 484 2178 .
518 2120 580 2172 de
616 2121 811 2188 lapideis
839 2121 1096 2179 manibus,
1122 2121 1330 2192 pedibus
1355 2121 1580 2180 auribus,
1611 2120 1674 2173 de

66 2194 356 2266 Inguinibus
379 2194 548 2249 Haffiae
573 2213 589 2255 ;
616 2194 678 2246 de
708 2194 1034 2265 caryopbyllis
1065 2193 1265 2265 lapideis
1284 2196 1520 2249 Helvetiae
1543 2236 1561 2260 ,
1612 2193 1676 2247 de

0 2300 3 2333 :
65 2268 231 2340 fungis
256 2267 402 2332 sam,
424 2287 483 2320 ex
513 2286 621 2340 quo
646 2268 851 2340 surgunt
867 2305 879 2326 ,
904 2267 1292 2329 adhaerentibus,
1317 2286 1405 2323 aut
1426 2268 1675 2321 Gothlan-

66 2340 187 2394 dicis
217 2358 390 2393 contra
413 2359 640 2394 naturam
665 2341 979 2412 agglutinatis
999 2345 1049 2395 ὅ(
1073 2341 1270 2402 insertis,
1348 2345 1430 2399 Et.
1451 2343 1552 2413 [ne
1568 2345 1672 2410 pin-

47 2632 188 2693 ·bus‚
213 2633 438 2686 asteriscis
463 2671 474 2690 ‚
507 2634 623 2685 rosis
649 2654 666 2696 3
710 2636 789 2686 De
823 2632 969 2687 Musss
998 2637 1047 2686 in
1089 2636 1262 2688 achate
1292 2636 1458 2705 Pyrrhi
1500 2637 1676 2703 Regis,

10 2726 14 2732 .
56 2724 226 2805 >quatri
253 2707 434 2766 Plinius
475 2708 711 2771 recenset,
742 2707 809 2762 de
841 2708 1214 2852 capioeYPagnisCi
1245 2711 1296 2762 iu
1329 2708 1512 2764 diffiffo
1526 2710 1682 2832 Cngoo
