<?xml version="1.0" encoding="UTF-8"?>
<!DOCTYPE html PUBLIC "-//W3C//DTD XHTML 1.0 Transitional//EN"
    "http://www.w3.org/TR/xhtml1/DTD/xhtml1-transitional.dtd">
<html xmlns="http://www.w3.org/1999/xhtml" xml:lang="en" lang="en">
 <head>
  <title>
</title>
<meta http-equiv="Content-Type" content="text/html;charset=utf-8" />
  <meta name='ocr-system' content='tesseract 3.04.00' />
  <meta name='ocr-capabilities' content='ocr_page ocr_carea ocr_par ocr_line ocrx_word'/>
</head>
<body>
  <div class='ocr_page' id='page_1' title='image "./sacraecaesmaicon00hera_0370.png"; bbox 0 0 1882 3094; ppageno 0'>
   <div class='ocr_carea' id='block_1_1' title="bbox 926 122 1034 174">
    <p class='ocr_par' dir='ltr' id='par_1_1' title="bbox 926 122 1034 174">
     <span class='ocr_line' id='line_1_1' title="bbox 926 122 1034 174; baseline -0.028 -1"><span class='ocrx_word' id='word_1_1' title='bbox 926 122 1034 174; x_wconf 80' lang='lat'>344</span> 
     </span>
    </p>
   </div>
   <div class='ocr_carea' id='block_1_2' title="bbox 158 227 1778 447">
    <p class='ocr_par' dir='ltr' id='par_1_2' title="bbox 158 227 1778 447">
     <span class='ocr_line' id='line_1_2' title="bbox 158 227 1778 303; baseline -0.005 -11"><span class='ocrx_word' id='word_1_2' title='bbox 158 238 478 291; x_wconf 81' lang='lat' dir='ltr'>cubitorum,</span> <span class='ocrx_word' id='word_1_3' title='bbox 506 249 608 303; x_wconf 87' lang='lat' dir='ltr'>qua</span> <span class='ocrx_word' id='word_1_4' title='bbox 641 232 799 302; x_wconf 83' lang='lat' dir='ltr'>operti</span> <span class='ocrx_word' id='word_1_5' title='bbox 805 227 929 300; x_wconf 78' lang='lat' dir='ltr'>sunt</span> <span class='ocrx_word' id='word_1_6' title='bbox 968 244 1129 283; x_wconf 87' lang='lat' dir='ltr'>omnes</span> <span class='ocrx_word' id='word_1_7' title='bbox 1169 234 1352 283; x_wconf 79' lang='lat' dir='ltr'>montes</span> <span class='ocrx_word' id='word_1_8' title='bbox 1376 228 1542 300; x_wconf 73' lang='lat' dir='ltr'>excelsi</span> <span class='ocrx_word' id='word_1_9' title='bbox 1558 227 1647 296; x_wconf 80' lang='lat' dir='ltr'>sub</span> <span class='ocrx_word' id='word_1_10' title='bbox 1671 230 1778 284; x_wconf 68' lang='lat' dir='ltr'>um·—</span> 
     </span>
     <span class='ocr_line' id='line_1_3' title="bbox 160 301 1778 380; baseline -0.007 -14"><span class='ocrx_word' id='word_1_11' title='bbox 160 308 317 380; x_wconf 68' lang='lat' dir='ltr'>verfo</span> <span class='ocrx_word' id='word_1_12' title='bbox 341 304 459 359; x_wconf 76' lang='lat' dir='ltr'>coelo</span> <span class='ocrx_word' id='word_1_13' title='bbox 495 310 625 359; x_wconf 88' lang='lat' dir='ltr'><strong>Gen.</strong></span> <span class='ocrx_word' id='word_1_14' title='bbox 654 314 696 364; x_wconf 88' lang='grc'>8.</span> <span class='ocrx_word' id='word_1_15' title='bbox 725 320 801 366; x_wconf 84' lang='lat'>19.</span> <span class='ocrx_word' id='word_1_16' title='bbox 835 301 968 355; x_wconf 88' lang='lat' dir='ltr'>unde</span> <span class='ocrx_word' id='word_1_17' title='bbox 996 307 1046 353; x_wconf 83' lang='lat' dir='ltr'>in</span> <span class='ocrx_word' id='word_1_18' title='bbox 1080 309 1221 373; x_wconf 88' lang='lat' dir='ltr'>aquis</span> <span class='ocrx_word' id='word_1_19' title='bbox 1246 304 1525 356; x_wconf 84' lang='lat' dir='ltr'>coelestibus</span> <span class='ocrx_word' id='word_1_20' title='bbox 1552 302 1778 355; x_wconf 79' lang='lat' dir='ltr'>dulcibus</span> 
     </span>
     <span class='ocr_line' id='line_1_4' title="bbox 160 375 1778 447; baseline -0.006 -9"><span class='ocrx_word' id='word_1_21' title='bbox 160 389 213 439; x_wconf 89' lang='lat'>&amp;</span> <span class='ocrx_word' id='word_1_22' title='bbox 236 380 502 436; x_wconf 85' lang='lat' dir='ltr'>levioribus</span> <span class='ocrx_word' id='word_1_23' title='bbox 519 395 597 431; x_wconf 88' lang='lat' dir='ltr'>tot</span> <span class='ocrx_word' id='word_1_24' title='bbox 614 384 801 429; x_wconf 84' lang='lat' dir='ltr'>marina</span> <span class='ocrx_word' id='word_1_25' title='bbox 822 375 836 427; x_wconf 73' lang='grc' dir='ltr'><strong><em>ἓ</em></strong></span> <span class='ocrx_word' id='word_1_26' title='bbox 876 377 1051 427; x_wconf 83' lang='lat' dir='ltr'>Taceo</span> <span class='ocrx_word' id='word_1_27' title='bbox 1077 383 1421 447; x_wconf 83' lang='lat' dir='ltr'>repugnantias</span> <span class='ocrx_word' id='word_1_28' title='bbox 1442 414 1455 434; x_wconf 85' lang='lat'><em>.</em></span> <span class='ocrx_word' id='word_1_29' title='bbox 1492 376 1527 429; x_wconf 83' lang='lat' dir='ltr'><strong>fi</strong></span> <span class='ocrx_word' id='word_1_30' title='bbox 1551 375 1778 428; x_wconf 88' lang='lat' dir='ltr'>credatur</span> 
     </span>
    </p>
   </div>
   <div class='ocr_carea' id='block_1_3' title="bbox 161 449 1863 521">
    <p class='ocr_par' dir='ltr' id='par_1_3' title="bbox 161 449 1863 521">
     <span class='ocr_line' id='line_1_5' title="bbox 161 449 1863 521; baseline 0 -20"><span class='ocrx_word' id='word_1_31' title='bbox 161 458 408 510; x_wconf 60' lang='lat' dir='ltr'>diluvium</span> <span class='ocrx_word' id='word_1_32' title='bbox 440 455 567 504; x_wconf 87' lang='lat' dir='ltr'>intra</span> <span class='ocrx_word' id='word_1_33' title='bbox 601 467 800 521; x_wconf 87' lang='lat' dir='ltr'>tempus</span> <span class='ocrx_word' id='word_1_34' title='bbox 821 487 834 508; x_wconf 89' lang='lat'>‚</span> <span class='ocrx_word' id='word_1_35' title='bbox 860 465 971 519; x_wconf 86' lang='lat' dir='ltr'>quo</span> <span class='ocrx_word' id='word_1_36' title='bbox 997 453 1153 519; x_wconf 83' lang='lat' dir='ltr'>coepit</span> <span class='ocrx_word' id='word_1_37' title='bbox 1182 449 1513 502; x_wconf 63' lang='lat' dir='ltr'>sedimentum</span> <span class='ocrx_word' id='word_1_38' title='bbox 1536 487 1550 508; x_wconf 89' lang='lat'>‚</span> <span class='ocrx_word' id='word_1_39' title='bbox 1583 453 1778 519; x_wconf 83' lang='lat' dir='ltr'>integra</span> <span class='ocrx_word' id='word_1_40' title='bbox 1860 464 1863 465; x_wconf 69' lang='grc'>’</span> 
     </span>
    </p>
   </div>
   <div class='ocr_carea' id='block_1_4' title="bbox 127 521 1834 1766">
    <p class='ocr_par' dir='ltr' id='par_1_4' title="bbox 127 521 1777 596">
     <span class='ocr_line' id='line_1_6' title="bbox 127 521 1777 596; baseline -0.005 -13"><span class='ocrx_word' id='word_1_41' title='bbox 127 550 131 554; x_wconf 93' lang='grc'><em>·</em></span> <span class='ocrx_word' id='word_1_42' title='bbox 160 530 398 583; x_wconf 80' lang='lat' dir='ltr'>cadavera</span> <span class='ocrx_word' id='word_1_43' title='bbox 418 525 740 596; x_wconf 85' lang='lat' dir='ltr'>Elephantina</span> <span class='ocrx_word' id='word_1_44' title='bbox 767 527 818 577; x_wconf 89' lang='lat'>&amp;</span> <span class='ocrx_word' id='word_1_45' title='bbox 844 522 1127 591; x_wconf 87' lang='lat' dir='ltr'>conchylia,</span> <span class='ocrx_word' id='word_1_46' title='bbox 1163 523 1197 575; x_wconf 80' lang='lat' dir='ltr'>fi</span> <span class='ocrx_word' id='word_1_47' title='bbox 1223 541 1393 577; x_wconf 87' lang='lat' dir='ltr'>natant</span> <span class='ocrx_word' id='word_1_48' title='bbox 1419 521 1690 576; x_wconf 79' lang='lat' dir='ltr'>tardissima</span> <span class='ocrx_word' id='word_1_49' title='bbox 1712 560 1725 580; x_wconf 82' lang='lat'>,</span> <span class='ocrx_word' id='word_1_50' title='bbox 1744 521 1777 575; x_wconf 81' lang='lat' dir='ltr'>fi</span> 
     </span>
    </p>

    <p class='ocr_par' dir='ltr' id='par_1_5' title="bbox 155 596 1784 1486">
     <span class='ocr_line' id='line_1_7' title="bbox 160 596 1741 670; baseline -0.004 -13"><span class='ocrx_word' id='word_1_51' title='bbox 160 621 265 657; x_wconf 87' lang='lat' dir='ltr'>non</span> <span class='ocrx_word' id='word_1_52' title='bbox 288 616 458 658; x_wconf 78' lang='lat' dir='ltr'>natant</span> <span class='ocrx_word' id='word_1_53' title='bbox 479 636 491 659; x_wconf 91' lang='lat'>,</span> <span class='ocrx_word' id='word_1_54' title='bbox 515 602 709 670; x_wconf 85' lang='lat' dir='ltr'>gravia,</span> <span class='ocrx_word' id='word_1_55' title='bbox 734 615 795 649; x_wconf 85' lang='lat' dir='ltr'>ex</span> <span class='ocrx_word' id='word_1_56' title='bbox 819 596 977 648; x_wconf 84' lang='lat' dir='ltr'>natali.</span> <span class='ocrx_word' id='word_1_57' title='bbox 993 596 1100 648; x_wconf 78' lang='lat' dir='ltr'>solo</span> <span class='ocrx_word' id='word_1_58' title='bbox 1122 601 1172 648; x_wconf 87' lang='lat' dir='ltr'>in</span> <span class='ocrx_word' id='word_1_59' title='bbox 1195 601 1518 649; x_wconf 79' lang='lat' dir='ltr'>Germaniam</span> <span class='ocrx_word' id='word_1_60' title='bbox 1544 596 1741 650; x_wconf 82' lang='lat' dir='ltr'>vexisse.</span> 
     </span>
     <span class='ocr_line' id='line_1_8' title="bbox 303 670 1778 743; baseline -0.005 -15"><span class='ocrx_word' id='word_1_61' title='bbox 303 672 458 730; x_wconf 83' lang='lat' dir='ltr'>Arde</span> <span class='ocrx_word' id='word_1_62' title='bbox 494 674 743 726; x_wconf 85' lang='lat' dir='ltr'>contentis</span> <span class='ocrx_word' id='word_1_63' title='bbox 776 688 933 740; x_wconf 87' lang='lat' dir='ltr'>quam</span> <span class='ocrx_word' id='word_1_64' title='bbox 966 675 1256 723; x_wconf 84' lang='lat' dir='ltr'>continente</span> <span class='ocrx_word' id='word_1_65' title='bbox 1289 674 1445 743; x_wconf 81' lang='lat' dir='ltr'>magis</span> <span class='ocrx_word' id='word_1_66' title='bbox 1469 671 1577 724; x_wconf 88' lang='lat' dir='ltr'>sum</span> <span class='ocrx_word' id='word_1_67' title='bbox 1607 670 1778 722; x_wconf 87' lang='lat' dir='ltr'>sollici-</span> 
     </span>
     <span class='ocr_line' id='line_1_9' title="bbox 159 742 1780 818; baseline -0.005 -15"><span class='ocrx_word' id='word_1_68' title='bbox 159 766 279 812; x_wconf 81' lang='lat' dir='ltr'>tus3</span> <span class='ocrx_word' id='word_1_69' title='bbox 343 765 433 804; x_wconf 87' lang='lat' dir='ltr'>cur</span> <span class='ocrx_word' id='word_1_70' title='bbox 465 763 564 818; x_wconf 84' lang='lat' dir='ltr'>pro</span> <span class='ocrx_word' id='word_1_71' title='bbox 600 744 896 799; x_wconf 79' lang='lat' dir='ltr'>animalibus</span> <span class='ocrx_word' id='word_1_72' title='bbox 935 744 1240 814; x_wconf 75' lang='lat' dir='ltr'>portentosis</span> <span class='ocrx_word' id='word_1_73' title='bbox 1279 763 1387 796; x_wconf 88' lang='lat' dir='ltr'>non</span> <span class='ocrx_word' id='word_1_74' title='bbox 1426 744 1556 798; x_wconf 86' lang='lat' dir='ltr'>leves</span> <span class='ocrx_word' id='word_1_75' title='bbox 1593 748 1645 799; x_wconf 88' lang='lat'>&amp;</span> <span class='ocrx_word' id='word_1_76' title='bbox 1684 742 1780 796; x_wconf 84' lang='lat' dir='ltr'>ob·</span> 
     </span>
     <span class='ocr_line' id='line_1_10' title="bbox 157 815 1779 884; baseline -0.008 -4"><span class='ocrx_word' id='word_1_77' title='bbox 157 829 263 880; x_wconf 83' lang='lat' dir='ltr'>vias</span> <span class='ocrx_word' id='word_1_78' title='bbox 297 842 410 884; x_wconf 79' lang='lat' dir='ltr'>res3</span> <span class='ocrx_word' id='word_1_79' title='bbox 461 838 551 875; x_wconf 91' lang='lat' dir='ltr'>cur</span> <span class='ocrx_word' id='word_1_80' title='bbox 584 837 692 872; x_wconf 88' lang='lat' dir='ltr'>non</span> <span class='ocrx_word' id='word_1_81' title='bbox 724 819 958 871; x_wconf 88' lang='lat' dir='ltr'>homines</span> <span class='ocrx_word' id='word_1_82' title='bbox 991 816 1004 868; x_wconf 77' lang='grc' dir='ltr'><strong>ἒ</strong></span> <span class='ocrx_word' id='word_1_83' title='bbox 1069 821 1175 871; x_wconf 86' lang='lat' dir='ltr'>Cur</span> <span class='ocrx_word' id='word_1_84' title='bbox 1212 836 1318 870; x_wconf 86' lang='lat' dir='ltr'>non</span> <span class='ocrx_word' id='word_1_85' title='bbox 1355 819 1582 871; x_wconf 81' lang='lat' dir='ltr'>animalia</span> <span class='ocrx_word' id='word_1_86' title='bbox 1616 832 1737 870; x_wconf 86' lang='lat' dir='ltr'>nora</span> <span class='ocrx_word' id='word_1_87' title='bbox 1756 815 1779 867; x_wconf 71' lang='grc' dir='ltr'><em>Ξ</em></span> 
     </span>
     <span class='ocr_line' id='line_1_11' title="bbox 157 893 1778 966; baseline -0.006 -14"><span class='ocrx_word' id='word_1_88' title='bbox 157 907 251 952; x_wconf 84' lang='lat' dir='ltr'>cur</span> <span class='ocrx_word' id='word_1_89' title='bbox 281 916 388 951; x_wconf 88' lang='lat' dir='ltr'>non</span> <span class='ocrx_word' id='word_1_90' title='bbox 416 893 702 966; x_wconf 88' lang='lat' dir='ltr'>promiscue</span> <span class='ocrx_word' id='word_1_91' title='bbox 731 926 744 951; x_wconf 66' lang='lat'><em>2</em></span> <span class='ocrx_word' id='word_1_92' title='bbox 781 908 897 963; x_wconf 85' lang='lat' dir='ltr'>quae</span> <span class='ocrx_word' id='word_1_93' title='bbox 934 894 1090 944; x_wconf 85' lang='lat' dir='ltr'>mixta</span> <span class='ocrx_word' id='word_1_94' title='bbox 1129 910 1369 945; x_wconf 81' lang='lat' dir='ltr'>vexerunt</span> <span class='ocrx_word' id='word_1_95' title='bbox 1401 908 1648 963; x_wconf 87' lang='lat' dir='ltr'>aquarum</span> <span class='ocrx_word' id='word_1_96' title='bbox 1679 909 1778 944; x_wconf 91' lang='lat' dir='ltr'>tur-</span> 
     </span>
     <span class='ocr_line' id='line_1_12' title="bbox 155 964 1782 1037; baseline -0.006 -12"><span class='ocrx_word' id='word_1_97' title='bbox 155 974 324 1030; x_wconf 73' lang='lat' dir='ltr'>bines,</span> <span class='ocrx_word' id='word_1_98' title='bbox 363 969 549 1023; x_wconf 90' lang='lat' dir='ltr'>eodem</span> <span class='ocrx_word' id='word_1_99' title='bbox 575 966 696 1020; x_wconf 92' lang='lat' dir='ltr'>loco</span> <span class='ocrx_word' id='word_1_100' title='bbox 720 965 936 1035; x_wconf 84' lang='lat' dir='ltr'>sepelivit</span> <span class='ocrx_word' id='word_1_101' title='bbox 959 964 1225 1019; x_wconf 88' lang='lat' dir='ltr'>Diluvium</span> <span class='ocrx_word' id='word_1_102' title='bbox 1249 966 1264 1018; x_wconf 72' lang='grc' dir='ltr'>Β</span> <span class='ocrx_word' id='word_1_103' title='bbox 1325 964 1432 1033; x_wconf 80' lang='lat' dir='ltr'>Qi</span> <span class='ocrx_word' id='word_1_104' title='bbox 1455 966 1618 1037; x_wconf 84' lang='lat' dir='ltr'>potest</span> <span class='ocrx_word' id='word_1_105' title='bbox 1643 979 1782 1017; x_wconf 81' lang='lat' dir='ltr'>tanta</span> 
     </span>
     <span class='ocr_line' id='line_1_13' title="bbox 159 1037 1782 1114; baseline -0.006 -15"><span class='ocrx_word' id='word_1_106' title='bbox 159 1050 303 1099; x_wconf 81' lang='lat' dir='ltr'>certis</span> <span class='ocrx_word' id='word_1_107' title='bbox 346 1042 525 1114; x_wconf 79' lang='lat' dir='ltr'>argillis</span> <span class='ocrx_word' id='word_1_108' title='bbox 551 1077 564 1100; x_wconf 86' lang='lat'><strong>,</strong></span> <span class='ocrx_word' id='word_1_109' title='bbox 602 1057 733 1093; x_wconf 83' lang='lat' dir='ltr'>certa</span> <span class='ocrx_word' id='word_1_110' title='bbox 771 1038 1074 1091; x_wconf 82' lang='lat' dir='ltr'>Osteocollae</span> <span class='ocrx_word' id='word_1_111' title='bbox 1110 1058 1290 1111; x_wconf 85' lang='lat' dir='ltr'>genera</span> <span class='ocrx_word' id='word_1_112' title='bbox 1323 1077 1335 1099; x_wconf 85' lang='lat'><strong>,</strong></span> <span class='ocrx_word' id='word_1_113' title='bbox 1396 1042 1537 1092; x_wconf 89' lang='lat' dir='ltr'>certis</span> <span class='ocrx_word' id='word_1_114' title='bbox 1608 1037 1782 1106; x_wconf 83' lang='lat' dir='ltr'>lapidi-</span> 
     </span>
     <span class='ocr_line' id='line_1_14' title="bbox 157 1111 1784 1185; baseline -0.006 -12"><span class='ocrx_word' id='word_1_115' title='bbox 157 1122 253 1173; x_wconf 80' lang='lat' dir='ltr'>bus</span> <span class='ocrx_word' id='word_1_116' title='bbox 299 1134 453 1171; x_wconf 82' lang='lat' dir='ltr'>certas</span> <span class='ocrx_word' id='word_1_117' title='bbox 493 1113 837 1185; x_wconf 83' lang='lat' dir='ltr'>impreffiones</span> <span class='ocrx_word' id='word_1_118' title='bbox 899 1114 1090 1165; x_wconf 72' lang='lat' dir='ltr'>servans</span> <span class='ocrx_word' id='word_1_119' title='bbox 1152 1114 1504 1184; x_wconf 84' lang='lat' dir='ltr'>secerneusque</span> <span class='ocrx_word' id='word_1_120' title='bbox 1548 1111 1784 1164; x_wconf 79' lang='lat' dir='ltr'>industria</span> 
     </span>
     <span class='ocr_line' id='line_1_15' title="bbox 157 1184 1782 1246; baseline -0.007 0"><span class='ocrx_word' id='word_1_121' title='bbox 157 1192 335 1246; x_wconf 86' lang='lat' dir='ltr'>cadere</span> <span class='ocrx_word' id='word_1_122' title='bbox 362 1194 414 1242; x_wconf 86' lang='lat' dir='ltr'>in</span> <span class='ocrx_word' id='word_1_123' title='bbox 452 1188 691 1241; x_wconf 82' lang='lat' dir='ltr'>fortuitos</span> <span class='ocrx_word' id='word_1_124' title='bbox 724 1185 976 1238; x_wconf 49' lang='lat' dir='ltr'>fluctuum</span> <span class='ocrx_word' id='word_1_125' title='bbox 1015 1185 1148 1238; x_wconf 84' lang='lat' dir='ltr'>casus</span> <span class='ocrx_word' id='word_1_126' title='bbox 1174 1186 1189 1236; x_wconf 71' lang='grc' dir='ltr'><em>ἕ</em></span> <span class='ocrx_word' id='word_1_127' title='bbox 1231 1189 1498 1244; x_wconf 84' lang='lat' dir='ltr'>Dubitare,</span> <span class='ocrx_word' id='word_1_128' title='bbox 1520 1202 1623 1236; x_wconf 84' lang='lat' dir='ltr'>non</span> <span class='ocrx_word' id='word_1_129' title='bbox 1650 1184 1782 1236; x_wconf 88' lang='lat' dir='ltr'>deci-</span> 
     </span>
     <span class='ocr_line' id='line_1_16' title="bbox 159 1257 1780 1328; baseline -0.006 -10"><span class='ocrx_word' id='word_1_130' title='bbox 159 1268 278 1319; x_wconf 80' lang='lat' dir='ltr'>dere</span> <span class='ocrx_word' id='word_1_131' title='bbox 303 1262 603 1319; x_wconf 85' lang='lat' dir='ltr'>audeo‚nec</span> <span class='ocrx_word' id='word_1_132' title='bbox 629 1260 759 1312; x_wconf 89' lang='lat' dir='ltr'>forte</span> <span class='ocrx_word' id='word_1_133' title='bbox 792 1257 1145 1310; x_wconf 67' lang='lat' dir='ltr'>Whodwardo</span> <span class='ocrx_word' id='word_1_134' title='bbox 1180 1259 1322 1311; x_wconf 84' lang='lat' dir='ltr'>alicui</span> <span class='ocrx_word' id='word_1_135' title='bbox 1348 1264 1396 1311; x_wconf 87' lang='lat' dir='ltr'>in</span> <span class='ocrx_word' id='word_1_136' title='bbox 1440 1258 1620 1328; x_wconf 78' lang='lat' dir='ltr'>Anglia</span> <span class='ocrx_word' id='word_1_137' title='bbox 1666 1260 1780 1310; x_wconf 88' lang='lat' dir='ltr'>Lui·</span> 
     </span>
     <span class='ocr_line' id='line_1_17' title="bbox 161 1331 1776 1400; baseline -0.006 -9"><span class='ocrx_word' id='word_1_138' title='bbox 161 1340 303 1392; x_wconf 87' lang='lat' dir='ltr'>dium</span> <span class='ocrx_word' id='word_1_139' title='bbox 327 1374 340 1395; x_wconf 86' lang='lat'>,</span> <span class='ocrx_word' id='word_1_140' title='bbox 374 1335 452 1388; x_wconf 89' lang='lat' dir='ltr'>vel</span> <span class='ocrx_word' id='word_1_141' title='bbox 488 1331 903 1400; x_wconf 78' lang='lat' dir='ltr'>Dickinsonium3</span> <span class='ocrx_word' id='word_1_142' title='bbox 936 1334 989 1383; x_wconf 89' lang='lat' dir='ltr'>In</span> <span class='ocrx_word' id='word_1_143' title='bbox 1023 1331 1248 1385; x_wconf 82' lang='lat' dir='ltr'>Helvetia</span> <span class='ocrx_word' id='word_1_144' title='bbox 1275 1334 1626 1384; x_wconf 74' lang='lat' dir='ltr'>Sebeuchzero</span> <span class='ocrx_word' id='word_1_145' title='bbox 1648 1334 1776 1382; x_wconf 87' lang='lat' dir='ltr'>Lan·</span> 
     </span>
     <span class='ocr_line' id='line_1_18' title="bbox 160 1403 1779 1486; baseline -0.006 -22"><span class='ocrx_word' id='word_1_146' title='bbox 160 1416 303 1486; x_wconf 83' lang='lat' dir='ltr'>gium</span> <span class='ocrx_word' id='word_1_147' title='bbox 320 1445 333 1468; x_wconf 86' lang='lat'><strong>.</strong></span> <span class='ocrx_word' id='word_1_148' title='bbox 349 1412 401 1461; x_wconf 89' lang='lat' dir='ltr'>In</span> <span class='ocrx_word' id='word_1_149' title='bbox 417 1408 547 1459; x_wconf 89' lang='lat' dir='ltr'>Italia</span> <span class='ocrx_word' id='word_1_150' title='bbox 571 1422 903 1458; x_wconf 82' lang='lat' dir='ltr'>mercatorem</span> <span class='ocrx_word' id='word_1_151' title='bbox 931 1410 1325 1458; x_wconf 84' lang='lat' dir='ltr'>commentatori</span> <span class='ocrx_word' id='word_1_152' title='bbox 1340 1403 1669 1477; x_wconf 83' lang='lat' dir='ltr'>opponendO,</span> <span class='ocrx_word' id='word_1_153' title='bbox 1686 1405 1779 1456; x_wconf 85' lang='lat' dir='ltr'>fin-</span> 
     </span>
    </p>

    <p class='ocr_par' dir='ltr' id='par_1_6' title="bbox 159 1476 1834 1618">
     <span class='ocr_line' id='line_1_19' title="bbox 159 1476 1780 1559; baseline -0.007 -19"><span class='ocrx_word' id='word_1_154' title='bbox 159 1488 403 1559; x_wconf 80' lang='lat' dir='ltr'>gulotum</span> <span class='ocrx_word' id='word_1_155' title='bbox 428 1479 661 1550; x_wconf 82' lang='lat' dir='ltr'>suffragia</span> <span class='ocrx_word' id='word_1_156' title='bbox 707 1495 826 1529; x_wconf 88' lang='lat' dir='ltr'>meo</span> <span class='ocrx_word' id='word_1_157' title='bbox 868 1478 1159 1531; x_wconf 85' lang='lat' dir='ltr'>submittere</span> <span class='ocrx_word' id='word_1_158' title='bbox 1193 1478 1540 1531; x_wconf 88' lang='lat' dir='ltr'>inverecundo</span> <span class='ocrx_word' id='word_1_159' title='bbox 1576 1476 1780 1546; x_wconf 76' lang='lat' dir='ltr'>judicio·</span> 
     </span>
     <span class='ocr_line' id='line_1_20' title="bbox 377 1544 1834 1618; baseline -0.003 -9"><span class='ocrx_word' id='word_1_160' title='bbox 377 1553 617 1609; x_wconf 87' lang='lat' dir='ltr'>Vestrum</span> <span class='ocrx_word' id='word_1_161' title='bbox 650 1587 663 1610; x_wconf 89' lang='lat'>,</span> <span class='ocrx_word' id='word_1_162' title='bbox 700 1553 968 1603; x_wconf 78' lang='lat' dir='ltr'>Societates</span> <span class='ocrx_word' id='word_1_163' title='bbox 1004 1550 1212 1604; x_wconf 78' lang='lat' dir='ltr'>illustres</span> <span class='ocrx_word' id='word_1_164' title='bbox 1237 1589 1250 1611; x_wconf 88' lang='lat'><em>,</em></span> <span class='ocrx_word' id='word_1_165' title='bbox 1284 1551 1561 1618; x_wconf 80' lang='lat' dir='ltr'>judicium,</span> <span class='ocrx_word' id='word_1_166' title='bbox 1832 1544 1834 1548; x_wconf 53' lang='grc'>’</span> 
     </span>
    </p>

    <p class='ocr_par' dir='ltr' id='par_1_7' title="bbox 501 1621 1362 1766">
     <span class='ocr_line' id='line_1_21' title="bbox 501 1621 1362 1698; baseline -0.001 -19"><span class='ocrx_word' id='word_1_167' title='bbox 501 1696 505 1698; x_wconf 21' lang='lat'>¹</span> <span class='ocrx_word' id='word_1_168' title='bbox 566 1643 670 1697; x_wconf 85' lang='lat' dir='ltr'>qua</span> <span class='ocrx_word' id='word_1_169' title='bbox 703 1642 793 1696; x_wconf 89' lang='lat' dir='ltr'>par</span> <span class='ocrx_word' id='word_1_170' title='bbox 828 1623 899 1675; x_wconf 88' lang='lat' dir='ltr'>est</span> <span class='ocrx_word' id='word_1_171' title='bbox 931 1621 1185 1678; x_wconf 85' lang='lat' dir='ltr'>docilitate</span> <span class='ocrx_word' id='word_1_172' title='bbox 1217 1661 1232 1684; x_wconf 85' lang='lat'><strong>,</strong></span> <span class='ocrx_word' id='word_1_173' title='bbox 1276 1643 1362 1677; x_wconf 83' lang='lat' dir='ltr'>ex-</span> 
     </span>
     <span class='ocr_line' id='line_1_22' title="bbox 882 1695 1068 1766; baseline 0.011 -19"><span class='ocrx_word' id='word_1_174' title='bbox 882 1695 1068 1766; x_wconf 59' lang='lat' dir='ltr'>specte.</span> 
     </span>
    </p>
   </div>
   <div class='ocr_carea' id='block_1_5' title="bbox 648 1933 1341 2306">
    <p class='ocr_par' dir='ltr' id='par_1_8' title="bbox 648 1933 1341 2306">
     <span class='ocr_line' id='line_1_23' title="bbox 648 1933 1341 2306; baseline 0 788"><span class='ocrx_word' id='word_1_175' title='bbox 648 1933 1341 2306; x_wconf 95' lang='lat' dir='ltr'> </span> 
     </span>
    </p>
   </div>
   <div class='ocr_carea' id='block_1_6' title="bbox 1329 2696 1774 2774">
    <p class='ocr_par' dir='ltr' id='par_1_9' title="bbox 1329 2685 1855 2799">
     <span class='ocr_line' id='line_1_24' title="bbox 1329 2696 1774 2774; baseline -0.008 1"><span class='ocrx_word' id='word_1_176' title='bbox 1329 2702 1394 2771; x_wconf 84' lang='lat' dir='ltr'>C·</span> <span class='ocrx_word' id='word_1_177' title='bbox 1418 2696 1774 2774; x_wconf 56' lang='lat' dir='ltr'>&amp;Herm</span> 
     </span>
    </p>
   </div>
   <div class='ocr_carea' id='block_1_7' title="bbox 1807 0 1879 3094">
    <p class='ocr_par' dir='ltr' id='par_1_10' title="bbox 1807 0 1879 3094">
     <span class='ocr_line' id='line_1_25' title="bbox 1807 0 1879 3094; baseline 0 0"><span class='ocrx_word' id='word_1_178' title='bbox 1807 0 1879 3094; x_wconf 95' lang='lat' dir='ltr'> </span> 
     </span>
    </p>
   </div>
  </div>
 </body>
</html>
