1882 3094
838 139 942 194 323

621 226 1105 343 Sepulcrum
1128 295 1151 331 ,

162 372 324 465 quod
337 373 397 441 in
412 370 717 461 reficienda
738 373 844 517 ‘Zia
862 376 1300 466 Laxenburgica
1322 375 1444 446 dete
1452 378 1599 446 δεινή

808 470 1032 528 ⁰·1718.

0 657 2 659 ,
79 593 550 694 Documento
602 602 867 687 poterit
920 596 1050 667 effe
1095 652 1116 678 ‚
1166 595 1547 696 quousque
1591 602 1685 671 ab

77 703 292 756 annquo
330 687 591 738 Carnunto
624 687 784 742 versus
816 688 1064 740 Noricum
1100 688 1143 738 se
1165 690 1440 743 extenderit
1466 688 1686 746 Colonia

151 760 402 820 Romana.
426 760 562 812 Vana
576 761 711 811 enim
726 762 889 811 omnis
911 777 1082 812 rerum
1095 764 1414 833 antiquarum
1430 763 1498 822 est
1513 763 1613 816 sine

682 831 764 879 usu
792 832 1079 894 perquifitio.

212 976 256 1014 1.
296 959 416 1011 Non
434 973 708 1017 commune,
742 955 819 1011 vel
843 974 1110 1028 propterea
1139 960 1340 1033 vulgare
1362 962 1501 1017 fuiffe
1527 964 1684 1036 sepul-

75 1046 218 1083 crum
246 1070 263 1095 ‚
295 1032 509 1085 ostenda
550 1034 739 1103 reliqua
783 1049 894 1102 pars
933 1036 1056 1085 antri
1104 1041 1440 1091 concamerari
1480 1056 1580 1092 una
1611 1054 1686 1092 te-

12 1132 14 1148 =
74 1103 283 1158 studitae.

229 1192 379 1242 Terra
407 1188 527 1242 illud
556 1205 723 1260 tegens
750 1190 830 1240 vix
859 1202 903 1241 2.
945 1187 1092 1257 pedes
1134 1190 1328 1245 excedit
1355 1212 1372 1256 3
1402 1194 1470 1246 At
1494 1199 1595 1263 ejus
1630 1198 1681 1250 in

4 1280 29 1310 ,ι
73 1261 248 1314 medio
278 1263 502 1316 collicula
532 1280 636 1315 tam
663 1262 849 1314 elevata
874 1297 887 1318 ‚
912 1276 970 1313 ut
993 1280 1056 1313 ne
1091 1265 1181 1314 viae
1207 1264 1414 1334 quidem
1437 1267 1639 1321 tranfitu
1660 1304 1676 1328 ,

0 1334 25 1384 :⁴
72 1335 152 1387 sed
175 1336 425 1389 fossorum
451 1355 604 1388 manu
632 1333 689 1388 fic
713 1333 898 1386 sublata
928 1370 942 1393 ,
970 1333 1124 1388 docet
1150 1337 1364 1409 longum
1398 1341 1532 1412 apud
1565 1343 1680 1396 Ro..

16 1399 33 1422 ‘
76 1428 259 1464 manos
305 1406 631 1462 ‘Tama-lorum
648 1407 807 1464 usum.

222 1512 274 1555 2.
314 1495 491 1545 Varum
522 1493 690 1543 militia
717 1491 905 1542 clarum
929 1488 1010 1542 hic
1032 1489 1300 1545 condttum
1333 1494 1472 1547 fuiss‘e
1497 1513 1675 1567 ,appa-

69 1583 146 1621 ret
159 1585 217 1619 ex
236 1562 399 1640 gladio
412 1569 462 1617 ὅ(
483 1560 628 1632 hastae
642 1561 834 1632 cuspide,
847 1580 938 1614 nee
957 1581 1060 1616 non
1082 1569 1276 1620 armam
1293 1571 1484 1637 majori,
1495 1572 1672 1626 inven-

70 1645 130 1696 tis
163 1639 311 1692 fimul
332 1656 450 1690 cum
483 1637 601 1691 vafls
637 1636 865 1689 fictilibus
896 1637 947 1687 &
968 1635 1168 1695 ombus,

209 1729 357 1779 Erant
389 1723 589 1776 armilla:
624 1726 751 1776 inter
785 1725 987 1793 praemia
1022 1727 1248 1779 militaria
1274 1764 1286 1786 ,
1325 1745 1438 1799 quae
1485 1729 1672 1787 dabam

68 1818 150 1856 tur
187 1801 247 1853 ab
277 1798 665 1868 Imperatoribus
689 1816 705 1858 3
731 1812 888 1849 aureae
924 1796 1148 1865 quidem,
1210 1803 1401 1855 Verum
1445 1803 1672 1876 dignitati

69 1875 190 1928 m'nil
209 1874 372 1925 obstat
392 1908 404 1929 ,
430 1869 570 1941 quod
594 1870 759 1921 nostra
788 1867 981 1921 tantum
1012 1869 1069 1923 fir
1093 1891 1151 1924 ex
1177 1891 1268 1925 aere
1287 1875 1431 1929 fulvo
1454 1913 1467 1934 ,
1489 1882 1667 1932 Corin-

67 1951 236 2002 thiaco
260 1945 427 2004 fimili3
461 1945 641 2011 probat
665 1940 828 2012 potius
844 1941 1132 1996 diuturnam
1156 1951 1368 2017 antiquae
1397 1948 1513 2021 Iegis
1537 1953 1670 2004 sum.

27 2076 30 2081 ,
68 2026 237 2076 tuariae
258 2020 584 2072 reverentiam
617 2052 628 2073 ‚
668 2033 778 2085 quae
810 2015 923 2084 post
963 2020 1156 2088 Legum
1202 2022 1426 2075 XIITab.
1467 2026 1667 2082 undeci-

68 2112 208 2148 mam
254 2093 515 2163 prohibuit
538 2127 551 2148 ‚
573 2107 753 2141 aurum
785 2088 990 2141 tumulis
1026 2091 1221 2153 inferre,
1660 2095 1664 2098 ’

183 2193 388 2247 Hastam
411 2190 474 2242 ad
501 2190 762 2241 militarem
786 2189 929 2241 usum
949 2225 963 2250 ,
990 2208 1096 2243 non
1133 2190 1196 2243 ad
1226 2195 1442 2247 Donaria
1466 2231 1479 2254 ‚
1509 2197 1662 2255 refer.-

65 2287 118 2324 re
144 2267 282 2336 jubet
299 2268 684 2335 cuspisinventa.
716 2264 999 2327 (moniam,
1017 2282 1128 2335 quae
1153 2268 1469 2322 donabantur
1488 2271 1663 2330 ‚hastae

63 2354 355 2410 erantpurae
391 2337 470 2399 ‚h.
515 2354 553 2387 c.
593 2334 690 2386 sine
725 2334 936 2406 cuspide.

182 2425 385 2480 Armilla
410 2420 808 2488 minorejusdem
846 2420 1026 2474 metalli
1054 2421 1238 2477 haerens
1266 2424 1432 2482 adhuc
1453 2427 1542 2482 offi
1570 2448 1665 2502 pro

64 2516 365 2576 argumento
393 2497 708 2555 est‚uxorem
734 2495 811 2547 vel
855 2494 1009 2548 ffliam
1034 2494 1179 2549 fimul
1204 2498 1441 2570 sepultam
1466 2541 1480 2565 ,
1509 2521 1662 2575 atque

63 2597 120 2631 os
150 2572 317 2626 finistri
343 2571 436 2623 esse
473 2567 673 2629 brachii,
750 2569 963 2622 Feminae
998 2573 1131 2622 enim
1172 2574 1382 2628 armillas
1421 2576 1661 2648 gerebant

0 2675 4 2685 ν
61 2647 269 2705 brachio
294 2643 501 2705 finistrO,

973 2721 1025 2770 X
1058 2740 1086 2774 2
1549 2731 1667 2781 Non
