1882 3094
814 207 910 261 313

48 296 56 303 ·
116 288 207 357 qui
238 304 262 338 a
300 285 490 339 secretis
528 284 742 356 epistolis
790 304 895 341 erat
917 323 931 347 ,
968 280 1203 341 libaratos
1256 286 1439 357 pariter
1474 286 1662 339 inveni-

118 379 203 413 ens
231 397 244 418 ,
283 360 456 414 cibum
482 363 533 414 δ(
559 380 669 431 qua:
691 358 1008 419 offeruntur,
1031 363 1175 430 capit.
1268 360 1339 414 At
1362 361 1449 430 qui
1474 359 1660 430 postre-

37 446 39 448 ’
118 452 212 487 mo
235 452 353 490 cum
370 440 508 506 Rege
534 432 914 493 dimicaverant,
941 433 1066 488 dum
1082 431 1254 506 singuli
1283 451 1373 504 per
1396 423 1663 504 angustum

119 507 316 560 aditum
350 526 558 567 exeunt,
587 511 718 578 capti
753 526 778 560 a
815 509 1029 560 Tartaris
1053 544 1066 567 ,
1101 524 1206 561 tam
1243 524 1481 578 exiguum
1514 510 1664 567 etiam

119 598 394 636 numerum
445 580 783 635 metuentibus
817 619 831 640 ‚
882 583 1006 653 Regi
1052 580 1372 652 denegantur.
1483 581 1665 646 Qum

121 653 347 707 viderent
382 659 431 707 in
472 655 566 708 hac
589 673 758 725 pugna
782 656 1118 708 Barbarorum
1154 671 1241 706 aut
1286 653 1665 707 vulneratorum

122 732 210 781 aut
234 728 516 782 occisorum
558 747 697 799 paene
722 730 782 782 C.
799 731 858 780 C.
874 731 933 783 C.
962 731 1018 784 C.
1041 727 1302 784 defiderari
1330 763 1344 787 ,
1385 729 1665 781 Succorum

124 804 208 853 vix
229 803 376 853 XXX.
466 805 646 855 Donec
667 804 804 854 tertia
825 801 904 855 die
943 820 969 855 a
1003 803 1211 855 Sultano
1230 819 1319 872 per
1354 800 1541 874 legatos
1563 806 1665 869 jam

123 877 307 929 Vexirii
322 880 370 928 &
385 878 716 930 Tartarorum
733 879 871 928 tricas
886 875 1072 929 edoeto
1087 876 1375 927 advenirent
1397 873 1522 928 missi
1536 893 1666 927 nun-

124 951 184 999 cii
211 967 423 1001 omnem
448 953 549 1002 vim
578 950 919 1018 prohibentes,
1011 953 1187 1019 ltaque
1213 951 1540 1003 Tartarorum
1566 951 1666 1001 Re-

125 1025 176 1092 gi
200 1040 378 1074 omnes
402 1025 625 1091 captivos
639 1022 896 1076 Praefestus
925 1023 1373 1093 eripit&restituit.
1486 1022 1667 1074 Iisdem

127 1091 445 1150 nunciis'Rex
470 1114 495 1144 a
522 1096 733 1148 Sultano
758 1096 1174 1166 Hadrianopolim
1190 1096 1302 1154 ,ubi
1330 1096 1572 1166 degebat,
1595 1098 1669 1146 in-

129 1167 329 1222 vidatur
348 1205 362 1225 ‚
388 1167 564 1221 oblato
589 1204 602 1225 ,
629 1187 879 1238 quantum
915 1171 1024 1221 Rex
1057 1187 1334 1238 expeteret,
1359 1171 1539 1221 itineris
1576 1179 1672 1238 api

126 1256 330 1311 paratu,
352 1245 401 1294 ὃ(
428 1259 561 1312 quot
587 1241 735 1296 vellet
759 1279 773 1301 ,
810 1245 1063 1295 comitum
1091 1241 1303 1294 deleciu.
1425 1240 1634 1294 Carolus
1652 1276 1668 1299 ,

128 1331 187 1367 ut
219 1315 336 1367 ante
365 1314 428 1367 de
461 1313 714 1374 libertate,
738 1318 803 1368 ita
830 1332 936 1367 non
966 1314 1133 1367 minus
1166 1333 1304 1369 nunc
1336 1311 1399 1365 de
1421 1313 1664 1386 dignitate

68 1436 71 1440 .
129 1387 343 1441 solicitus
365 1425 378 1449 ,
415 1405 478 1439 ne
540 1390 624 1442 uid
660 1392 712 1442 in
749 1406 860 1441 eam
889 1389 1012 1442 aulae
1034 1391 1406 1442 Ottomaunicae
1441 1388 1670 1441 moribus

131 1462 179 1512 in
217 1461 420 1514 visendo
450 1464 516 1516 Su
540 1479 656 1515 tano
678 1466 1082 1516 committeretur
1111 1498 1124 1520 ,
1159 1461 1329 1516 statuit
1363 1459 1670 1514 Christiano-

130 1552 245 1587 rum
274 1540 476 1605 Regum
494 1535 799 1602 Majestatem
823 1534 912 1588 suo
930 1534 1163 1605 exemplo
1189 1539 1535 1587 intemeratam
1572 1533 1668 1585 ser-

130 1624 262 1661 vare.
343 1610 554 1660 Proinde
577 1646 591 1667 ‚
629 1627 747 1661 cum
772 1625 878 1659 non
905 1608 1065 1677 posset
1091 1608 1375 1661 offensione
1399 1644 1413 1665 ,
1451 1609 1544 1659 iter
1571 1621 1668 1659 ter-

128 1681 454 1752 giversatione
481 1682 704 1734 declinat.
782 1682 933 1733 Diem
949 1698 1009 1734 ex
1034 1681 1115 1733 die
1127 1681 1278 1736 ducit.
1356 1683 1550 1750 Expetit
1573 1679 1668 1732 dif-

128 1755 291 1808 ficilia.
368 1755 625 1808 Praefefius
670 1757 856 1805 irritam
893 1772 1103 1824 operam
1139 1756 1191 1809 &
1222 1758 1272 1807 in
1292 1759 1395 1822 ejus
1423 1752 1669 1824 potestate

129 1847 236 1882 non
252 1828 464 1898 pofitam
494 1847 633 1881 tanto
660 1844 902 1898 apparatu
927 1827 1137 1881 ordinati
1164 1831 1344 1881 itineris
1365 1845 1566 1880 moram
1583 1826 1668 1880 de-

131 1901 408 1969 monstrat,
442 1917 594 1971 atque
615 1919 642 1953 a
675 1904 813 1972 Rege
834 1937 851 1963 ‚
877 1918 936 1954 ut
975 1900 1366 1971 proficisceretur
1400 1938 1413 1958 ‚
1436 1902 1668 1970 precibus

132 1978 390 2044 impetrat.
464 1979 643 2040 Quum
671 1975 1092 2045 Hadrianopolim
1121 1994 1331 2029 ventum
1354 1973 1496 2033 esset.
1519 1992 1576 2027 ac
1604 1975 1669 2027 de.

131 2048 395 2120 colloquio
423 2066 544 2103 cum
581 2048 791 2101 Sultano
811 2066 1043 2121 ageretur
1064 2084 1077 2108 ‚
1114 2053 1226 2105 Rex
1250 2052 1299 2102 in
1327 2049 1469 2102 nullo
1506 2047 1670 2103 fortu-

132 2139 208 2174 nae
234 2123 447 2177 articulo
482 2119 766 2193 quidquam
803 2123 866 2174 de
889 2122 1087 2175 honore
1121 2121 1337 2176 cessurus
1360 2159 1374 2181 ,
1411 2120 1546 2175 aliud
1581 2120 1670 2175 ad-

133 2195 268 2248 versa
293 2195 553 2267 superandi
589 2213 746 2266 genus
775 2201 1052 2266 excogitat,
1082 2200 1181 2263 jam
1208 2214 1314 2249 non
1347 2194 1511 2248 hostes
1533 2232 1547 2255 ,
1587 2192 1667 2247 sed

132 2269 180 2322 se
203 2270 365 2338 ipsum
401 2286 665 2323 tormento
688 2268 915 2340 singulari
938 2268 1294 2340 expugnando⁴
1409 2270 1668 2323 Nimirum

133 2360 317 2411 corpus
341 2343 519 2397 nullius
548 2359 635 2412 per
656 2360 868 2396 omnem
894 2360 1090 2396 aetatem
1115 2362 1273 2397 morae
1295 2345 1506 2414 patiens,
1536 2360 1671 2413 quo-

136 2416 434 2487 tidianisque
459 2417 746 2489 longissimis
777 2416 1150 2470 excutfionibus
1187 2421 1490 2478 exercitum,
1515 2416 1673 2470 fimu-

136 2488 243 2540 lato
269 2489 488 2546 morbo,
522 2491 784 2560 quodiam
816 2507 1037 2560 coeperat
1059 2494 1110 2543 in
1141 2493 1219 2544 via
1244 2491 1520 2544 obtendere
1542 2527 1556 2549 ,
1598 2489 1673 2541 ul·

137 2577 212 2614 tra
239 2566 299 2621 X.
328 2563 515 2616 menses
537 2565 669 2616 lecto
702 2562 891 2634 absque
916 2563 1196 2618 remiffione
1218 2564 1477 2637 affigendo
1504 2585 1515 2615 :
1553 2566 1670 2626 Qua

137 2638 346 2708 quidem
376 2636 608 2692 violentia
643 2640 786 2692 novis
821 2638 1013 2706 semper
1049 2638 1493 2712 exspefiiationibus
1526 2639 1672 2690 inciu-

891 2714 939 2766 V
981 2728 1014 2778 5
1565 2711 1673 2763 Cius
