1882 3094
825 196 924 251 33¹

0 317 4 362 7
70 306 336 383 nunquam
365 332 447 367 me
468 314 631 367 forem
658 312 878 371 daturus.
983 316 1217 370 Vestrum
1246 355 1258 376 .
1294 321 1505 386 inquam
1530 352 1543 374 ,
1570 316 1685 374 erit,

71 404 167 456 pro
187 389 265 439 illa
297 427 309 445 ,
338 388 436 458 qua
462 389 772 461 singulorum
796 407 1002 442 conatus
1036 394 1211 454 juvaris
1238 427 1250 451 ,
1288 397 1338 444 ὃ(
1365 408 1560 441 atatem
1587 408 1683 440 no-

70 460 219 512 stram
247 461 512 521 illustratis,
537 461 788 520 doCiriufi,
812 461 1082 516 haefitames
1109 467 1307 535 erigere.
1394 467 1443 514 Si
1469 463 1683 532 dignum

69 532 259 587 habetis
276 535 428 587 vestra
447 540 723 589 attentione
737 534 957 589 naturale
970 535 1262 609 prodigium
1278 575 1295 601 ,
1311 535 1455 608 quod
1471 537 1683 605 Magnus

45 613 52 646 ·'
68 605 217 671 hujus
241 607 412 661 Saeculi
439 608 690 680 Augustus
713 612 841 662 inter
865 608 977 661 belli
994 613 1227 681 pacisque
1253 613 1484 682 negotia,
1511 625 1567 660 ut
1597 609 1681 660 sci-

45 699 48 732 ῑ
71 682 228 732 entias
254 698 433 734 omnes
462 699 691 752 artesque
713 719 727 742 ,
748 680 1042 734 admiffioue
1064 683 1132 735 est
1158 682 1403 755 dignatus.
1479 684 1684 752 Qippe

71 752 218 823 quod
251 754 447 807 ultimas
474 774 500 808 a
527 755 728 809 summo
753 773 921 808 rerum
951 755 1238 809 Conditore
1271 772 1459 811 naturae
1495 771 1685 827 vegetat

42 821 47 849 ²
69 826 318 883 concessa}
349 831 472 883 vires
498 827 714 881 ostendit
736 863 751 887 ‚
777 829 854 882 vel
876 832 925 880 in
947 828 1206 897 produCiis
1234 829 1357 881 olim
1388 829 1534 886 vivis,
1563 827 1683 880 nulli

69 915 367 968 temporum
385 905 646 954 memoria:
666 903 796 954 notis
823 900 1051 954 monstris
1067 922 1083 966 3
1097 902 1174 955 vel
1189 907 1235 955 in
1251 898 1585 974 producendis
1597 918 1678 951 or-

68 971 380 1027 dinariorum
395 975 755 1029 imitationibus
769 1012 782 1033 .
794 974 920 1027 adeo
933 974 1184 1030 falfacibufl
1196 1013 1209 1036 ‚
1227 975 1358 1030 utad
1376 973 1682 1046 explicandas

37 1043 42 1077 ¹
68 1062 148 1101 eas
168 1044 362 1100 solertia
390 1065 516 1117 opus
537 1047 594 1099 {it
606 1046 1002 1118 perspicuissimfi.

36 1116 41 1149 ¹
206 1121 300 1172 Par
324 1123 500 1191 utique
525 1121 592 1174 est
619 1121 886 1173 admiratio
909 1120 1110 1180 divinae,
1136 1121 1426 1193 nostrasque
1449 1127 1681 1175 notiones

34 1191 40 1223 ¹
62 1191 329 1265 superantis
349 1198 584 1261 potentia:
603 1231 614 1251 ‚
640 1211 770 1246 utras
792 1213 849 1245 ex
871 1193 1065 1247 duabus
1091 1194 1176 1245 illis
1203 1198 1310 1265 quis
1327 1193 1558 1247 defendat
1570 1212 1681 1264 par·

25 1263 38 1323 ἱ
63 1280 163 1321 tet:
203 1269 297 1322 Seu
326 1266 441 1319 velit
466 1267 684 1320 modum
702 1267 985 1318 excedentia
1002 1268 1101 1319 ossa
1122 1303 1133 1325 ³
1160 1287 1214 1320 ut
1243 1287 1352 1322 vera
1371 1306 1380 1324 ,
1397 1270 1445 1320 ὅ(
1468 1268 1682 1320 conchas

21 1335 36 1390 {¹
62 1355 350 1412 ceterasque
375 1337 586 1393 ludentis
611 1357 798 1393 naturae
825 1340 1050 1392 fistiones
1076 1342 1124 1391 in
1151 1339 1269 1394 Iocis
1295 1341 1412 1394 nulli
1439 1341 1559 1412 saepe
1582 1378 1593 1399 ,
1618 1357 1682 1392 ne

19 1408 35 1466 ’τ’
60 1413 235 1467 diluvii
257 1411 468 1486 quidem
491 1411 722 1474 accessui,
749 1414 1031 1483 patentibus
1056 1412 1234 1466 fosfiles
1258 1451 1269 1470 ‚
1306 1432 1362 1465 ut
1391 1414 1681 1484 tempestate

18 1480 34 1540 ’ζ’
59 1486 284 1560 quadam
309 1484 491 1541 delatas
516 1485 749 1557 suspicere
777 1506 793 1550 3
844 1488 923 1540 seu
961 1487 1098 1538 malit
1131 1487 1429 1540 Osteocollae
1478 1490 1680 1557 species,

16 1551 33 1626 ’ξ’
58 1579 166 1615 non
190 1559 376 1613 olfactu
400 1595 413 1617 ,
436 1577 541 1611 non
578 1559 857 1613 attrahente
889 1559 1160 1611 viscositate
1180 1598 1192 1619 ,
1223 1578 1312 1612 nec
1337 1558 1676 1630 praecipitandi

16 1633 31 1684 ξ’
60 1631 360 1686 medendive
385 1631 568 1686 effestu
593 1639 679 1697 (ut
704 1633 909 1702 quidem
936 1633 1110 1685 colore
1127 1633 1529 1706 ,magnitudine,
1557 1632 1680 1685 cras-

14 1704 30 1748 ’ἶ
55 1705 293 1765 fitudine‚
316 1703 732 1775 duritie&figura
751 1723 836 1763 ,ex
857 1705 943 1757 soli
966 1709 1208 1776 cujusque
1253 1706 1573 1776 diversitate)
1604 1706 1678 1756 di-

13 1749 29 1835 Ρ
58 1780 252 1834 (ὶίοᾶειε
265 1816 277 1838 ,
292 1796 388 1849 pro
405 1794 548 1848 partu
564 1778 829 1848 agnoscere
854 1795 1036 1850 margae
1054 1779 1364 1834 coalescentis
1378 1817 1389 1838 ,
1404 1784 1544 1844 cuius
1564 1797 1678 1851 par-

12 1839 28 1924 l'
59 1856 188 1907 tium
211 1851 490 1906 volatilium
518 1850 658 1904 fimili
684 1852 1325 1907 exhalatione&fermento
1342 1852 1559 1907 similiter
1571 1852 1679 1906 for·

15 1988 25 2022 Ι
57 1944 201 1980 mato
212 1924 543 1996 proplasmate
555 1920 746 1977 inclusae
758 1923 1357 1995 deprehenduntur.Nam
1372 1927 1473 1979 hoc
1487 1926 1678 1998 postre-

35 2018 202 2052 ‘mum
217 1999 540 2055 formamenti
554 2015 708 2068 genus
731 2016 1184 2071 quantumcunque
1197 1999 1475 2053 caussarum
1489 2003 1540 2052 in
1553 2015 1671 2053 ocu=

20 2086 23 2094 ’
54 2074 129 2125 los
143 2075 500 2126 incurrentium
522 2074 759 2130 nexui‚&
782 2071 946 2126 ordini
962 2072 1193 2132 naturali,
1222 2075 1348 2144 [qui
1368 2074 1677 2145 praescriptos

54 2146 142 2198 fibi
163 2164 190 2198 a
227 2145 462 2215 supremo
483 2146 605 2198 Ente
629 2147 962 2215 generationis
987 2162 1265 2218 motusque
1285 2146 1465 2200 limites
1491 2163 1604 2200 raro
1624 2150 1676 2199 in

14 2227 19 2235 '
52 2223 174 2272 vivis
199 2217 435 2271 monstris
473 2216 725 2291 excedit.]
761 2217 819 2271 fit
848 2222 1227 2272 convenientius
1260 2236 1272 2270 t
1332 2218 1679 2272 Nihilominus

51 2290 342 2345 incredibilis
381 2292 823 2345 imitamentorum
851 2290 1124 2346 fimilitudo
1148 2330 1162 2353 ,
1191 2295 1449 2364 [maxime
1478 2291 1510 2345 fi
1536 2312 1561 2344 a
1592 2292 1678 2346 de·

51 2366 204 2418 formi
218 2363 490 2417 deficientis
504 2364 632 2418 lusus
647 2381 813 2417 errore
828 2364 1123 2434 perfefflora
1149 2368 1500 2420 semoveantur
1515 2366 1565 2438 ‚]
1583 2384 1673 2419 no·

52 2440 126 2490 bis
148 2440 198 2488 in
220 2435 456 2507 operibus
480 2440 619 2508 regni
643 2474 658 2497 ,
696 2437 839 2510 quod
878 2436 1059 2492 dicitur
1080 2439 1367 2509 vegetabilis
1390 2478 1405 2499 .
1451 2441 1675 2509 primum

51 2525 316 2562 motorem
351 2509 813 2565 formamentorum
841 2512 1162 2567 mineralium
1177 2511 1291 2566 fistit
1319 2513 1458 2583 supra
1482 2511 1675 2566 nostras

49 2584 177 2638 ideas
199 2583 494 2643 mirabilem.

189 2679 254 2728 Ea
281 2692 435 2736 certe,
459 2694 614 2747 quam
643 2675 894 2735 describo,
925 2691 1128 2728 caverna
1142 2673 1526 2729 Re-telsteinenfis
1549 2713 1563 2735 ,
1586 2678 1667 2728 Pa*

45 2748 338 2811 lermitanae.
367 2768 521 2821 quam
549 2748 874 2805 Celeberrimi
905 2749 1131 2805 Kircheri
1165 2748 1434 2821 descriptio
1455 2747 1670 2803 dostiffi-

1587 2841 1673 2877 n'ss-:l
